    
@techreport{ISO_1:1975,
address = {Geneva, CH},
type = {Standard},
title = {Standard reference temperature for industrial length measurements},
author = {ISO 1:1975},
url = {https://www.iso.org/standard/3561.html},
language = {en},
institution = {International Organization for Standardization},
year = {1975}
}    
@techreport{ISO_1:2002,
address = {Geneva, CH},
type = {Standard},
title = {Geometrical Product Specifications (GPS) — Standard reference temperature for geometrical product specification and verification},
author = {ISO 1:2002},
url = {https://www.iso.org/standard/28086.html},
language = {en},
institution = {International Organization for Standardization},
year = {2002}
}    
@techreport{ISO_1:2016,
address = {Geneva, CH},
type = {Standard},
title = {Geometrical product specifications (GPS) — Standard reference temperature for the specification of geometrical and dimensional properties},
author = {ISO 1:2016},
url = {https://www.iso.org/standard/67630.html},
language = {en},
institution = {International Organization for Standardization},
year = {2016}
}    
@techreport{ISO_286-1:1988,
address = {Geneva, CH},
type = {Standard},
title = {ISO system of limits and fits — Part 1: Bases of tolerances, deviations and fits},
author = {ISO 286-1:1988},
url = {https://www.iso.org/standard/4202.html},
language = {en},
institution = {International Organization for Standardization},
year = {1988}
}    
@techreport{ISO_286-1:2010,
address = {Geneva, CH},
type = {Standard},
title = {Geometrical product specifications (GPS) — ISO code system for tolerances on linear sizes — Part 1: Basis of tolerances, deviations and fits},
author = {ISO 286-1:2010},
url = {https://www.iso.org/standard/45975.html},
language = {en},
institution = {International Organization for Standardization},
year = {2010}
}    
@techreport{ISO_286-1:2010/Cor_1:2013,
address = {Geneva, CH},
type = {Standard},
title = {Geometrical product specifications (GPS) — ISO code system for tolerances on linear sizes — Part 1: Basis of tolerances, deviations and fits — Technical Corrigendum 1},
author = {ISO 286-1:2010/Cor 1:2013},
url = {https://www.iso.org/standard/63968.html},
language = {en},
institution = {International Organization for Standardization},
year = {2013}
}    
@techreport{ISO_286-2:1988,
address = {Geneva, CH},
type = {Standard},
title = {ISO system of limits and fits — Part 2: Tables of standard tolerance grades and limit deviations for holes and shafts},
author = {ISO 286-2:1988},
url = {https://www.iso.org/standard/4203.html},
language = {en},
institution = {International Organization for Standardization},
year = {1988}
}    
@techreport{ISO_286-2:1988/Cor_1:2006,
address = {Geneva, CH},
type = {Standard},
title = {ISO system of limits and fits — Part 2: Tables of standard tolerance grades and limit deviations for holes and shafts — Technical Corrigendum 1},
author = {ISO 286-2:1988/Cor 1:2006},
url = {https://www.iso.org/standard/44740.html},
language = {en},
institution = {International Organization for Standardization},
year = {2006}
}    
@techreport{ISO_286-2:2010,
address = {Geneva, CH},
type = {Standard},
title = {Geometrical product specifications (GPS) — ISO code system for tolerances on linear sizes — Part 2: Tables of standard tolerance classes and limit deviations for holes and shafts},
author = {ISO 286-2:2010},
url = {https://www.iso.org/standard/54915.html},
language = {en},
institution = {International Organization for Standardization},
year = {2010}
}    
@techreport{ISO_286-2:2010/Cor_1:2013,
address = {Geneva, CH},
type = {Standard},
title = {Geometrical product specifications (GPS) — ISO code system for tolerances on linear sizes — Part 2: Tables of standard tolerance classes and limit deviations for holes and shafts — Technical Corrigendum 1},
author = {ISO 286-2:2010/Cor 1:2013},
url = {https://www.iso.org/standard/63969.html},
language = {en},
institution = {International Organization for Standardization},
year = {2013}
}    
@techreport{ISO/R_286:1962,
address = {Geneva, CH},
type = {Standard},
title = {ISO system of limits and fits — Part I : General, tolerances and deviations},
author = {ISO/R 286:1962},
url = {https://www.iso.org/standard/4201.html},
language = {en},
institution = {International Organization for Standardization},
year = {1962}
}    
@techreport{ISO_370:1975,
address = {Geneva, CH},
type = {Standard},
title = {Toleranced dimensions — Conversion from inches into millimetres and vice versa},
author = {ISO 370:1975},
url = {https://www.iso.org/standard/4346.html},
language = {en},
institution = {International Organization for Standardization},
year = {1975}
}    
@techreport{ISO_406:1987,
address = {Geneva, CH},
type = {Standard},
title = {Technical drawings — Tolerancing of linear and angular dimensions},
author = {ISO 406:1987},
url = {https://www.iso.org/standard/4408.html},
language = {en},
institution = {International Organization for Standardization},
year = {1987}
}    
@techreport{ISO_463:2006,
address = {Geneva, CH},
type = {Standard},
title = {Geometrical Product Specifications (GPS) — Dimensional measuring equipment — Design and metrological characteristics of mechanical dial gauges},
author = {ISO 463:2006},
url = {https://www.iso.org/standard/42802.html},
language = {en},
institution = {International Organization for Standardization},
year = {2006}
}    
@techreport{ISO_463:2006/Cor_1:2007,
address = {Geneva, CH},
type = {Standard},
title = {Geometrical Product Specifications (GPS) — Dimensional measuring equipment — Design and metrological characteristics of mechanical dial gauges — Technical Corrigendum 1},
author = {ISO 463:2006/Cor 1:2007},
url = {https://www.iso.org/standard/46107.html},
language = {en},
institution = {International Organization for Standardization},
year = {2007}
}    
@techreport{ISO_463:2006/Cor_2:2009,
address = {Geneva, CH},
type = {Standard},
title = {Geometrical Product Specifications (GPS) — Dimensional measuring equipment — Design and metrological characteristics of mechanical dial gauges — Technical Corrigendum 2},
author = {ISO 463:2006/Cor 2:2009},
url = {https://www.iso.org/standard/52987.html},
language = {en},
institution = {International Organization for Standardization},
year = {2009}
}    
@techreport{ISO/R_463:1965,
address = {Geneva, CH},
type = {Standard},
title = {Dial gauges reading in 0.01 mm, 0.001 in and 0.0001 in},
author = {ISO/R 463:1965},
url = {https://www.iso.org/standard/4490.html},
language = {en},
institution = {International Organization for Standardization},
year = {1965}
}    
@techreport{ISO_468:1982,
address = {Geneva, CH},
type = {Standard},
title = {Surface roughness — Parameters, their values and general rules for specifying requirements},
author = {ISO 468:1982},
url = {https://www.iso.org/standard/4496.html},
language = {en},
institution = {International Organization for Standardization},
year = {1982}
}    
@techreport{ISO_1101:1983,
address = {Geneva, CH},
type = {Standard},
title = {Technical drawings — Geometrical tolerancing — Tolerancing of form, orientation, location and run-out — Generalities, definitions, symbols, indications on drawings},
author = {ISO 1101:1983},
url = {https://www.iso.org/standard/5614.html},
language = {en},
institution = {International Organization for Standardization},
year = {1983}
}    
@techreport{ISO_1101:2004,
address = {Geneva, CH},
type = {Standard},
title = {Geometrical Product Specifications (GPS) — Geometrical tolerancing — Tolerances of form, orientation, location and run-out},
author = {ISO 1101:2004},
url = {https://www.iso.org/standard/1147.html},
language = {en},
institution = {International Organization for Standardization},
year = {2004}
}    
@techreport{ISO_1101:2012,
address = {Geneva, CH},
type = {Standard},
title = {Geometrical product specifications (GPS) — Geometrical tolerancing — Tolerances of form, orientation, location and run-out},
author = {ISO 1101:2012},
url = {https://www.iso.org/standard/59490.html},
language = {en},
institution = {International Organization for Standardization},
year = {2012}
}    
@techreport{ISO_1101:2012/Cor_1:2013,
address = {Geneva, CH},
type = {Standard},
title = {Geometrical product specifications (GPS) — Geometrical tolerancing — Tolerances of form, orientation, location and run-out — Technical Corrigendum 1},
author = {ISO 1101:2012/Cor 1:2013},
url = {https://www.iso.org/standard/63512.html},
language = {en},
institution = {International Organization for Standardization},
year = {2013}
}    
@techreport{ISO_1101:2017,
address = {Geneva, CH},
type = {Standard},
title = {Geometrical product specifications (GPS) — Geometrical tolerancing — Tolerances of form, orientation, location and run-out},
author = {ISO 1101:2017},
url = {https://www.iso.org/standard/66777.html},
language = {en},
institution = {International Organization for Standardization},
year = {2017}
}    
@techreport{ISO_1119:1975,
address = {Geneva, CH},
type = {Standard},
title = {Series of conical tapers and taper angles},
author = {ISO 1119:1975},
url = {https://www.iso.org/standard/5643.html},
language = {en},
institution = {International Organization for Standardization},
year = {1975}
}    
@techreport{ISO_1119:1998,
address = {Geneva, CH},
type = {Standard},
title = {Geometrical Product Specifications (GPS) — Series of conical tapers and taper angles},
author = {ISO 1119:1998},
url = {https://www.iso.org/standard/28068.html},
language = {en},
institution = {International Organization for Standardization},
year = {1998}
}    
@techreport{ISO_1119:2011,
address = {Geneva, CH},
type = {Standard},
title = {Geometrical product specifications (GPS) — Series of conical tapers and taper angles},
author = {ISO 1119:2011},
url = {https://www.iso.org/standard/54835.html},
language = {en},
institution = {International Organization for Standardization},
year = {2011}
}    
@techreport{ISO_1302:2002,
address = {Geneva, CH},
type = {Standard},
title = {Geometrical Product Specifications (GPS) — Indication of surface texture in technical product documentation},
author = {ISO 1302:2002},
url = {https://www.iso.org/standard/28089.html},
language = {en},
institution = {International Organization for Standardization},
year = {2002}
}    
@techreport{ISO_1660:1987,
address = {Geneva, CH},
type = {Standard},
title = {Technical drawings — Dimensioning and tolerancing of profiles},
author = {ISO 1660:1987},
url = {https://www.iso.org/standard/6280.html},
language = {en},
institution = {International Organization for Standardization},
year = {1987}
}    
@techreport{ISO_1660:2017,
address = {Geneva, CH},
type = {Standard},
title = {Geometrical product specifications (GPS) — Geometrical tolerancing — Profile tolerancing},
author = {ISO 1660:2017},
url = {https://www.iso.org/standard/63218.html},
language = {en},
institution = {International Organization for Standardization},
year = {2017}
}    
@techreport{ISO_1829:1975,
address = {Geneva, CH},
type = {Standard},
title = {Selection of tolerance zones for general purposes},
author = {ISO 1829:1975},
url = {https://www.iso.org/standard/6478.html},
language = {en},
institution = {International Organization for Standardization},
year = {1975}
}    
@techreport{ISO_1878:1983,
address = {Geneva, CH},
type = {Standard},
title = {Classification of instruments and devices for measurement and evaluation of the geometrical parameters of surface finish},
author = {ISO 1878:1983},
url = {https://www.iso.org/standard/6554.html},
language = {en},
institution = {International Organization for Standardization},
year = {1983}
}    
@techreport{ISO_1879:1981,
address = {Geneva, CH},
type = {Standard},
title = {Instruments for the measurement of surface roughness by the profile method — Vocabulary},
author = {ISO 1879:1981},
url = {https://www.iso.org/standard/6555.html},
language = {en},
institution = {International Organization for Standardization},
year = {1981}
}    
@techreport{ISO_1880:1979,
address = {Geneva, CH},
type = {Standard},
title = {Instruments for the measurement of surface roughness by the profile method — Contact (stylus) instruments of progressive profile transformation — Profile recording instruments},
author = {ISO 1880:1979},
url = {https://www.iso.org/standard/6556.html},
language = {en},
institution = {International Organization for Standardization},
year = {1979}
}    
@techreport{ISO_1938-1:2015,
address = {Geneva, CH},
type = {Standard},
title = {Geometrical product specifications (GPS) — Dimensional measuring equipment — Part 1: Plain limit gauges of linear size},
author = {ISO 1938-1:2015},
url = {https://www.iso.org/standard/41132.html},
language = {en},
institution = {International Organization for Standardization},
year = {2015}
}    
@techreport{ISO_1938-2:2017,
address = {Geneva, CH},
type = {Standard},
title = {Geometrical product specifications (GPS) — Dimensional measuring equipment — Part 2: Reference disk gauges},
author = {ISO 1938-2:2017},
url = {https://www.iso.org/standard/65583.html},
language = {en},
institution = {International Organization for Standardization},
year = {2017}
}    
@techreport{ISO/R_1938:1971,
address = {Geneva, CH},
type = {Standard},
title = {ISO system of limits and fits — Part II : Inspection of plain workpieces},
author = {ISO/R 1938:1971},
url = {https://www.iso.org/standard/6628.html},
language = {en},
institution = {International Organization for Standardization},
year = {1971}
}    
@techreport{ISO_1947:1973,
address = {Geneva, CH},
type = {Standard},
title = {System of cone tolerances for conical workpieces from C = 1:3 to 1:500 and lengths from 6 to 630 mm},
author = {ISO 1947:1973},
url = {https://www.iso.org/standard/6671.html},
language = {en},
institution = {International Organization for Standardization},
year = {1973}
}    
@techreport{ISO_2538-1:2014,
address = {Geneva, CH},
type = {Standard},
title = {Geometrical product specifications (GPS) — Wedges — Part 1: Series of angles and slopes},
author = {ISO 2538-1:2014},
url = {https://www.iso.org/standard/54836.html},
language = {en},
institution = {International Organization for Standardization},
year = {2014}
}    
@techreport{ISO_2538-2:2014,
address = {Geneva, CH},
type = {Standard},
title = {Geometrical product specifications (GPS) — Wedges — Part 2: Dimensioning and tolerancing},
author = {ISO 2538-2:2014},
url = {https://www.iso.org/standard/56783.html},
language = {en},
institution = {International Organization for Standardization},
year = {2014}
}    
@techreport{ISO_2538:1974,
address = {Geneva, CH},
type = {Standard},
title = {Limits and fits — Series of angles and slopes on wedges and prisms},
author = {ISO 2538:1974},
url = {https://www.iso.org/standard/7483.html},
language = {en},
institution = {International Organization for Standardization},
year = {1974}
}    
@techreport{ISO_2538:1998,
address = {Geneva, CH},
type = {Standard},
title = {Geometrical Product Specifications (GPS) — Series of angles and slopes on prisms},
author = {ISO 2538:1998},
url = {https://www.iso.org/standard/28069.html},
language = {en},
institution = {International Organization for Standardization},
year = {1998}
}    
@techreport{ISO_2632-1:1975,
address = {Geneva, CH},
type = {Standard},
title = {Roughness comparison specimens — Part 1: Turned, ground, bored, milled, shaped and planed},
author = {ISO 2632-1:1975},
url = {https://www.iso.org/standard/7618.html},
language = {en},
institution = {International Organization for Standardization},
year = {1975}
}    
@techreport{ISO_2632-1:1985,
address = {Geneva, CH},
type = {Standard},
title = {Roughness comparison specimens — Part 1: Turned, ground, bored, milled, shaped and planed},
author = {ISO 2632-1:1985},
url = {https://www.iso.org/standard/7619.html},
language = {en},
institution = {International Organization for Standardization},
year = {1985}
}    
@techreport{ISO_2632-2:1977,
address = {Geneva, CH},
type = {Standard},
title = {Roughness comparison specimens — Part 2: Spark-eroded, shot blasted and grit blasted, and polished},
author = {ISO 2632-2:1977},
url = {https://www.iso.org/standard/7620.html},
language = {en},
institution = {International Organization for Standardization},
year = {1977}
}    
@techreport{ISO_2632-2:1985,
address = {Geneva, CH},
type = {Standard},
title = {Roughness comparison specimens — Part 2: Spark-eroded, shot-blasted and grit-blasted, and polished},
author = {ISO 2632-2:1985},
url = {https://www.iso.org/standard/7621.html},
language = {en},
institution = {International Organization for Standardization},
year = {1985}
}    
@techreport{ISO_2632-3:1979,
address = {Geneva, CH},
type = {Standard},
title = {Roughness comparison specimens — Part 3: Cast surfaces},
author = {ISO 2632-3:1979},
url = {https://www.iso.org/standard/7622.html},
language = {en},
institution = {International Organization for Standardization},
year = {1979}
}    
@techreport{ISO_2692:1988,
address = {Geneva, CH},
type = {Standard},
title = {Technical drawings — Geometrical tolerancing — Maximum material principle},
author = {ISO 2692:1988},
url = {https://www.iso.org/standard/7653.html},
language = {en},
institution = {International Organization for Standardization},
year = {1988}
}    
@techreport{ISO_2692:1988/Amd_1:1992,
address = {Geneva, CH},
type = {Standard},
title = {Technical drawings — Geometrical tolerancing — Maximum material principle — Amendment 1: Least material requirement},
author = {ISO 2692:1988/Amd 1:1992},
url = {https://www.iso.org/standard/7655.html},
language = {en},
institution = {International Organization for Standardization},
year = {1992}
}    
@techreport{ISO_2692:2006,
address = {Geneva, CH},
type = {Standard},
title = {Geometrical product specifications (GPS) — Geometrical tolerancing — Maximum material requirement (MMR), least material requirement (LMR) and reciprocity requirement (RPR)},
author = {ISO 2692:2006},
url = {https://www.iso.org/standard/43445.html},
language = {en},
institution = {International Organization for Standardization},
year = {2006}
}    
@techreport{ISO_2692:2014,
address = {Geneva, CH},
type = {Standard},
title = {Geometrical product specifications (GPS) — Geometrical tolerancing — Maximum material requirement (MMR), least material requirement (LMR) and reciprocity requirement (RPR)},
author = {ISO 2692:2014},
url = {https://www.iso.org/standard/60775.html},
language = {en},
institution = {International Organization for Standardization},
year = {2014}
}    
@techreport{ISO/DIS_2692,
address = {Geneva, CH},
type = {Standard},
title = {Geometrical product specifications (GPS) — Geometrical tolerancing — Maximum material requirement (MMR), least material requirement (LMR) and reciprocity requirement (RPR)},
author = {ISO/DIS 2692},
url = {https://www.iso.org/standard/74592.html},
language = {en},
institution = {International Organization for Standardization},
year = {n.a.}
}    
@techreport{ISO_2768-1:1989,
address = {Geneva, CH},
type = {Standard},
title = {General tolerances — Part 1: Tolerances for linear and angular dimensions without individual tolerance indications},
author = {ISO 2768-1:1989},
url = {https://www.iso.org/standard/7748.html},
language = {en},
institution = {International Organization for Standardization},
year = {1989}
}    
@techreport{ISO_2768-2:1989,
address = {Geneva, CH},
type = {Standard},
title = {General tolerances — Part 2: Geometrical tolerances for features without individual tolerance indications},
author = {ISO 2768-2:1989},
url = {https://www.iso.org/standard/7749.html},
language = {en},
institution = {International Organization for Standardization},
year = {1989}
}    
@techreport{ISO_2768:1973,
address = {Geneva, CH},
type = {Standard},
title = {Permissible machining variations in dimensions without tolerance indication},
author = {ISO 2768:1973},
url = {https://www.iso.org/standard/7747.html},
language = {en},
institution = {International Organization for Standardization},
year = {1973}
}    
@techreport{ISO_3040:1990,
address = {Geneva, CH},
type = {Standard},
title = {Technical drawings — Dimensioning and tolerancing — Cones},
author = {ISO 3040:1990},
url = {https://www.iso.org/standard/8127.html},
language = {en},
institution = {International Organization for Standardization},
year = {1990}
}    
@techreport{ISO_3040:2009,
address = {Geneva, CH},
type = {Standard},
title = {Geometrical product specifications (GPS) — Dimensioning and tolerancing — Cones},
author = {ISO 3040:2009},
url = {https://www.iso.org/standard/53952.html},
language = {en},
institution = {International Organization for Standardization},
year = {2009}
}    
@techreport{ISO_3040:2016,
address = {Geneva, CH},
type = {Standard},
title = {Geometrical product specifications (GPS) — Dimensioning and tolerancing — Cones},
author = {ISO 3040:2016},
url = {https://www.iso.org/standard/67649.html},
language = {en},
institution = {International Organization for Standardization},
year = {2016}
}    
@techreport{ISO_3274:1975,
address = {Geneva, CH},
type = {Standard},
title = {Instruments for the measurement of surface roughness by the profile method — Contact (stylus) instruments of consecutive profile transformation — Contact profile meters, system M},
author = {ISO 3274:1975},
url = {https://www.iso.org/standard/8510.html},
language = {en},
institution = {International Organization for Standardization},
year = {1975}
}    
@techreport{ISO_3274:1996,
address = {Geneva, CH},
type = {Standard},
title = {Geometrical Product Specifications (GPS) — Surface texture: Profile method — Nominal characteristics of contact (stylus) instruments},
author = {ISO 3274:1996},
url = {https://www.iso.org/standard/1916.html},
language = {en},
institution = {International Organization for Standardization},
year = {1996}
}    
@techreport{ISO_3274:1996/Cor_1:1998,
address = {Geneva, CH},
type = {Standard},
title = {Geometrical Product Specifications (GPS) — Surface texture: Profile method — Nominal characteristics of contact (stylus) instruments — Technical Corrigendum 1},
author = {ISO 3274:1996/Cor 1:1998},
url = {https://www.iso.org/standard/29873.html},
language = {en},
institution = {International Organization for Standardization},
year = {1998}
}    
@techreport{ISO_3599:1976,
address = {Geneva, CH},
type = {Standard},
title = {Vernier callipers reading to 0,1 and 0,05 mm},
author = {ISO 3599:1976},
url = {https://www.iso.org/standard/9019.html},
language = {en},
institution = {International Organization for Standardization},
year = {1976}
}    
@techreport{ISO_3611:1978,
address = {Geneva, CH},
type = {Standard},
title = {Micrometer callipers for external measurement},
author = {ISO 3611:1978},
url = {https://www.iso.org/standard/9043.html},
language = {en},
institution = {International Organization for Standardization},
year = {1978}
}    
@techreport{ISO_3611:2010,
address = {Geneva, CH},
type = {Standard},
title = {Geometrical product specifications (GPS) — Dimensional measuring equipment: Micrometers for external measurements — Design and metrological characteristics},
author = {ISO 3611:2010},
url = {https://www.iso.org/standard/45454.html},
language = {en},
institution = {International Organization for Standardization},
year = {2010}
}    
@techreport{ISO/CD_3611,
address = {Geneva, CH},
type = {Standard},
title = {Geometrical product specifications (GPS) — Dimensional measuring equipment: Micrometers for external measurements — Design and metrological characteristics},
author = {ISO/CD 3611},
url = {https://www.iso.org/standard/77951.html},
language = {en},
institution = {International Organization for Standardization},
year = {n.a.}
}    
@techreport{ISO_3650:1978,
address = {Geneva, CH},
type = {Standard},
title = {Gauge blocks},
author = {ISO 3650:1978},
url = {https://www.iso.org/standard/9094.html},
language = {en},
institution = {International Organization for Standardization},
year = {1978}
}    
@techreport{ISO_3650:1998,
address = {Geneva, CH},
type = {Standard},
title = {Geometrical Product Specifications (GPS) — Length standards — Gauge blocks},
author = {ISO 3650:1998},
url = {https://www.iso.org/standard/1241.html},
language = {en},
institution = {International Organization for Standardization},
year = {1998}
}    
@techreport{ISO_3650:1998/Cor_1:2008,
address = {Geneva, CH},
type = {Standard},
title = {Geometrical Product Specifications (GPS) — Length standards — Gauge blocks — Technical Corrigendum 1},
author = {ISO 3650:1998/Cor 1:2008},
url = {https://www.iso.org/standard/52660.html},
language = {en},
institution = {International Organization for Standardization},
year = {2008}
}    
@techreport{ISO_3670:1979,
address = {Geneva, CH},
type = {Standard},
title = {Blanks for plug gauges and handles (taper lock and trilock) and ring gauges — Design and general dimensions},
author = {ISO 3670:1979},
url = {https://www.iso.org/standard/9126.html},
language = {en},
institution = {International Organization for Standardization},
year = {1979}
}    
@techreport{ISO_4287-1:1984,
address = {Geneva, CH},
type = {Standard},
title = {Surface roughness — Terminology — Part 1: Surface and its parameters},
author = {ISO 4287-1:1984},
url = {https://www.iso.org/standard/10131.html},
language = {en},
institution = {International Organization for Standardization},
year = {1984}
}    
@techreport{ISO_4287-2:1984,
address = {Geneva, CH},
type = {Standard},
title = {Surface roughness — Terminology — Part 2: Measurement of surface roughness parameters},
author = {ISO 4287-2:1984},
url = {https://www.iso.org/standard/10133.html},
language = {en},
institution = {International Organization for Standardization},
year = {1984}
}    
@techreport{ISO_4287:1997,
address = {Geneva, CH},
type = {Standard},
title = {Geometrical Product Specifications (GPS) — Surface texture: Profile method — Terms, definitions and surface texture parameters},
author = {ISO 4287:1997},
url = {https://www.iso.org/standard/10132.html},
language = {en},
institution = {International Organization for Standardization},
year = {1997}
}    
@techreport{ISO_4287:1997/Amd_1:2009,
address = {Geneva, CH},
type = {Standard},
title = {Geometrical Product Specifications (GPS) — Surface texture: Profile method — Terms, definitions and surface texture parameters — Amendment 1: Peak count number},
author = {ISO 4287:1997/Amd 1:2009},
url = {https://www.iso.org/standard/44475.html},
language = {en},
institution = {International Organization for Standardization},
year = {2009}
}    
@techreport{ISO_4287:1997/Cor_1:1998,
address = {Geneva, CH},
type = {Standard},
title = {Geometrical Product Specifications (GPS) — Surface texture: Profile method — Terms, definitions and surface texture parameters — Technical Corrigendum 1},
author = {ISO 4287:1997/Cor 1:1998},
url = {https://www.iso.org/standard/29874.html},
language = {en},
institution = {International Organization for Standardization},
year = {1998}
}    
@techreport{ISO_4287:1997/Cor_2:2005,
address = {Geneva, CH},
type = {Standard},
title = {Geometrical Product Specifications (GPS) — Surface texture: Profile method — Terms, definitions and surface texture parameters — Technical Corrigendum 2},
author = {ISO 4287:1997/Cor 2:2005},
url = {https://www.iso.org/standard/41861.html},
language = {en},
institution = {International Organization for Standardization},
year = {2002}
}    
@techreport{ISO_4288:1985,
address = {Geneva, CH},
type = {Standard},
title = {Rules and procedures for the measurement of surface roughness using stylus instruments},
author = {ISO 4288:1985},
url = {https://www.iso.org/standard/10134.html},
language = {en},
institution = {International Organization for Standardization},
year = {1985}
}    
@techreport{ISO_4288:1996,
address = {Geneva, CH},
type = {Standard},
title = {Geometrical Product Specifications (GPS) — Surface texture: Profile method — Rules and procedures for the assessment of surface texture},
author = {ISO 4288:1996},
url = {https://www.iso.org/standard/2096.html},
language = {en},
institution = {International Organization for Standardization},
year = {1996}
}    
@techreport{ISO_4288:1996/Cor_1:1998,
address = {Geneva, CH},
type = {Standard},
title = {Geometrical Product Specifications (GPS) — Surface texture: Profile method — Rules and procedures for the assessment of surface texture — Technical Corrigendum 1},
author = {ISO 4288:1996/Cor 1:1998},
url = {https://www.iso.org/standard/29875.html},
language = {en},
institution = {International Organization for Standardization},
year = {1998}
}    
@techreport{ISO_4291:1985,
address = {Geneva, CH},
type = {Standard},
title = {Methods for the assessement of departure from roundness — Measurement of variations in radius},
author = {ISO 4291:1985},
url = {https://www.iso.org/standard/10135.html},
language = {en},
institution = {International Organization for Standardization},
year = {1985}
}    
@techreport{ISO_4292:1985,
address = {Geneva, CH},
type = {Standard},
title = {Methods for the assessment of departure from roundness — Measurement by two- and three-point methods},
author = {ISO 4292:1985},
url = {https://www.iso.org/standard/10136.html},
language = {en},
institution = {International Organization for Standardization},
year = {1985}
}    
@techreport{ISO_5166:1982,
address = {Geneva, CH},
type = {Standard},
title = {System of cone fits for cones from C = 1 : 3 to 1 : 500, lengths from 6 to 630 mm and diameters up to 500 mm},
author = {ISO 5166:1982},
url = {https://www.iso.org/standard/11167.html},
language = {en},
institution = {International Organization for Standardization},
year = {1982}
}    
@techreport{ISO_5436-1:2000,
address = {Geneva, CH},
type = {Standard},
title = {Geometrical Product Specifications (GPS) — Surface texture: Profile method; Measurement standards — Part 1: Material measures},
author = {ISO 5436-1:2000},
url = {https://www.iso.org/standard/21978.html},
language = {en},
institution = {International Organization for Standardization},
year = {2000}
}    
@techreport{ISO_5436-2:2001,
address = {Geneva, CH},
type = {Standard},
title = {Geometrical Product Specifications (GPS) — Surface texture: Profile method; Measurement standards — Part 2: Software measurement standards},
author = {ISO 5436-2:2001},
url = {https://www.iso.org/standard/28088.html},
language = {en},
institution = {International Organization for Standardization},
year = {2001}
}    
@techreport{ISO_5436-2:2001/Cor_1:2006,
address = {Geneva, CH},
type = {Standard},
title = {Geometrical Product Specifications (GPS) — Surface texture: Profile method; Measurement standards — Part 2: Software measurement standards — Technical Corrigendum 1},
author = {ISO 5436-2:2001/Cor 1:2006},
url = {https://www.iso.org/standard/45308.html},
language = {en},
institution = {International Organization for Standardization},
year = {2006}
}    
@techreport{ISO_5436-2:2001/Cor_2:2008,
address = {Geneva, CH},
type = {Standard},
title = {Geometrical Product Specifications (GPS) — Surface texture: Profile method; Measurement standards — Part 2: Software measurement standards — Technical Corrigendum 2},
author = {ISO 5436-2:2001/Cor 2:2008},
url = {https://www.iso.org/standard/51387.html},
language = {en},
institution = {International Organization for Standardization},
year = {2008}
}    
@techreport{ISO_5436-2:2012,
address = {Geneva, CH},
type = {Standard},
title = {Geometrical product specifications (GPS) — Surface texture: Profile method; Measurement standards — Part 2: Software measurement standards},
author = {ISO 5436-2:2012},
url = {https://www.iso.org/standard/61261.html},
language = {en},
institution = {International Organization for Standardization},
year = {2012}
}    
@techreport{ISO_5436:1985,
address = {Geneva, CH},
type = {Standard},
title = {Calibration specimens — Stylus instruments — Types, calibration and use of specimens},
author = {ISO 5436:1985},
url = {https://www.iso.org/standard/11480.html},
language = {en},
institution = {International Organization for Standardization},
year = {1985}
}    
@techreport{ISO_5458:1998,
address = {Geneva, CH},
type = {Standard},
title = {Geometrical Product Specifications (GPS) — Geometrical tolerancing — Positional tolerancing},
author = {ISO 5458:1998},
url = {https://www.iso.org/standard/11507.html},
language = {en},
institution = {International Organization for Standardization},
year = {1998}
}    
@techreport{ISO_5458:2018,
address = {Geneva, CH},
type = {Standard},
title = {Geometrical product specifications (GPS) — Geometrical tolerancing — Pattern and combined geometrical specification},
author = {ISO 5458:2018},
url = {https://www.iso.org/standard/65559.html},
language = {en},
institution = {International Organization for Standardization},
year = {2018}
}    
@techreport{ISO_5459:1981,
address = {Geneva, CH},
type = {Standard},
title = {Technical drawings — Geometrical tolerancing — Datums and datum-systems for geometrical tolerances},
author = {ISO 5459:1981},
url = {https://www.iso.org/standard/11508.html},
language = {en},
institution = {International Organization for Standardization},
year = {1981}
}    
@techreport{ISO_5459:2011,
address = {Geneva, CH},
type = {Standard},
title = {Geometrical product specifications (GPS) — Geometrical tolerancing — Datums and datum systems},
author = {ISO 5459:2011},
url = {https://www.iso.org/standard/40358.html},
language = {en},
institution = {International Organization for Standardization},
year = {2011}
}    
@techreport{ISO/TR_5460:1985,
address = {Geneva, CH},
type = {Standard},
title = {Technical drawings — Geometrical tolerancing — Tolerancing of form, orientation, location and run-out — Verification principles and methods — Guidelines},
author = {ISO/TR 5460:1985},
url = {https://www.iso.org/standard/11509.html},
language = {en},
institution = {International Organization for Standardization},
year = {1985}
}    
@techreport{ISO_6318:1985,
address = {Geneva, CH},
type = {Standard},
title = {Measurement of roundness — Terms, definitions and parameters of roundness},
author = {ISO 6318:1985},
url = {https://www.iso.org/standard/12606.html},
language = {en},
institution = {International Organization for Standardization},
year = {1985}
}    
@techreport{ISO_6906:1984,
address = {Geneva, CH},
type = {Standard},
title = {Vernier callipers reading to 0,02 mm},
author = {ISO 6906:1984},
url = {https://www.iso.org/standard/13425.html},
language = {en},
institution = {International Organization for Standardization},
year = {1984}
}    
@techreport{ISO_7863:1984,
address = {Geneva, CH},
type = {Standard},
title = {Height setting micrometers and riser blocks},
author = {ISO 7863:1984},
url = {https://www.iso.org/standard/14790.html},
language = {en},
institution = {International Organization for Standardization},
year = {1984}
}    
@techreport{ISO_8015:1985,
address = {Geneva, CH},
type = {Standard},
title = {Technical drawings — Fundamental tolerancing principle},
author = {ISO 8015:1985},
url = {https://www.iso.org/standard/15023.html},
language = {en},
institution = {International Organization for Standardization},
year = {1985}
}    
@techreport{ISO_8015:2011,
address = {Geneva, CH},
type = {Standard},
title = {Geometrical product specifications (GPS) — Fundamentals — Concepts, principles and rules},
author = {ISO 8015:2011},
url = {https://www.iso.org/standard/55979.html},
language = {en},
institution = {International Organization for Standardization},
year = {2011}
}    
@techreport{ISO_8062-1:2007,
address = {Geneva, CH},
type = {Standard},
title = {Geometrical product specifications (GPS) — Dimensional and geometrical tolerances for moulded parts — Part 1: Vocabulary},
author = {ISO 8062-1:2007},
url = {https://www.iso.org/standard/40494.html},
language = {en},
institution = {International Organization for Standardization},
year = {2007}
}    
@techreport{ISO_8062-3:2007,
address = {Geneva, CH},
type = {Standard},
title = {Geometrical product specifications (GPS) — Dimensional and geometrical tolerances for moulded parts — Part 3: General dimensional and geometrical tolerances and machining allowances for castings},
author = {ISO 8062-3:2007},
url = {https://www.iso.org/standard/40495.html},
language = {en},
institution = {International Organization for Standardization},
year = {2007}
}    
@techreport{ISO_8062-3:2007/Cor_1:2009,
address = {Geneva, CH},
type = {Standard},
title = {Geometrical product specifications (GPS) — Dimensional and geometrical tolerances for moulded parts — Part 3: General dimensional and geometrical tolerances and machining allowances for castings — Technical Corrigendum 1},
author = {ISO 8062-3:2007/Cor 1:2009},
url = {https://www.iso.org/standard/52988.html},
language = {en},
institution = {International Organization for Standardization},
year = {2009}
}    
@techreport{ISO_8062-4:2017,
address = {Geneva, CH},
type = {Standard},
title = {Geometrical product specifications (GPS) — Dimensional and geometrical tolerances for moulded parts — Part 4: General tolerances for castings using profile tolerancing in a general datum system},
author = {ISO 8062-4:2017},
url = {https://www.iso.org/standard/60774.html},
language = {en},
institution = {International Organization for Standardization},
year = {2017}
}    
@techreport{ISO_8062:1984,
address = {Geneva, CH},
type = {Standard},
title = {Castings — System of dimensional tolerances},
author = {ISO 8062:1984},
url = {https://www.iso.org/standard/15082.html},
language = {en},
institution = {International Organization for Standardization},
year = {1984}
}    
@techreport{ISO_8062:1994,
address = {Geneva, CH},
type = {Standard},
title = {Castings — System of dimensional tolerances and machining allowances},
author = {ISO 8062:1994},
url = {https://www.iso.org/standard/15083.html},
language = {en},
institution = {International Organization for Standardization},
year = {1994}
}    
@techreport{ISO/CD_8062-4,
address = {Geneva, CH},
type = {Standard},
title = {Geometrical product specifications (GPS) — Dimensional and geometrical tolerances for moulded parts — Part 4: General tolerances for castings using profile tolerancing in a general datum system},
author = {ISO/CD 8062-4},
url = {https://www.iso.org/standard/77154.html},
language = {en},
institution = {International Organization for Standardization},
year = {n.a.}
}    
@techreport{ISO/DIS_8062-3,
address = {Geneva, CH},
type = {Standard},
title = {Geometrical product specifications (GPS) — Dimensional and geometrical tolerances for moulded parts — Part 3: General dimensional and geometrical tolerances and machining allowances for castings},
author = {ISO/DIS 8062-3},
url = {https://www.iso.org/standard/77952.html},
language = {en},
institution = {International Organization for Standardization},
year = {n.a.}
}    
@techreport{ISO/TS_8062-2:2013,
address = {Geneva, CH},
type = {Standard},
title = {Geometrical product specifications (GPS) — Dimensional and geometrical tolerances for moulded parts — Part 2: Rules},
author = {ISO/TS 8062-2:2013},
url = {https://www.iso.org/standard/40496.html},
language = {en},
institution = {International Organization for Standardization},
year = {n.a.}
}    
@techreport{ISO_8512-1:1990,
address = {Geneva, CH},
type = {Standard},
title = {Surface plates — Part 1: Cast iron},
author = {ISO 8512-1:1990},
url = {https://www.iso.org/standard/15736.html},
language = {en},
institution = {International Organization for Standardization},
year = {1990}
}    
@techreport{ISO_8512-2:1990,
address = {Geneva, CH},
type = {Standard},
title = {Surface plates — Part 2: Granite},
author = {ISO 8512-2:1990},
url = {https://www.iso.org/standard/15737.html},
language = {en},
institution = {International Organization for Standardization},
year = {1990}
}    
@techreport{ISO_8785:1998,
address = {Geneva, CH},
type = {Standard},
title = {Geometrical Product Specification (GPS) — Surface imperfections — Terms, definitions and parameters},
author = {ISO 8785:1998},
url = {https://www.iso.org/standard/16210.html},
language = {en},
institution = {International Organization for Standardization},
year = {1998}
}    
@techreport{ISO_9493:2010,
address = {Geneva, CH},
type = {Standard},
title = {Geometrical product specifications (GPS) — Dimensional measuring equipment: Dial test indicators (lever type) — Design and metrological characteristics},
author = {ISO 9493:2010},
url = {https://www.iso.org/standard/44708.html},
language = {en},
institution = {International Organization for Standardization},
year = {2010}
}    
@techreport{ISO_10135:2007,
address = {Geneva, CH},
type = {Standard},
title = {Geometrical product specifications (GPS) — Drawing indications for moulded parts in technical product documentation (TPD)},
author = {ISO 10135:2007},
url = {https://www.iso.org/standard/33258.html},
language = {en},
institution = {International Organization for Standardization},
year = {2007}
}    
@techreport{ISO_10360-10:2016,
address = {Geneva, CH},
type = {Standard},
title = {Geometrical product specifications (GPS) — Acceptance and reverification tests for coordinate measuring systems (CMS) — Part 10: Laser trackers for measuring point-to-point distances},
author = {ISO 10360-10:2016},
url = {https://www.iso.org/standard/56662.html},
language = {en},
institution = {International Organization for Standardization},
year = {2016}
}    
@techreport{ISO_10360-12:2016,
address = {Geneva, CH},
type = {Standard},
title = {Geometrical product specifications (GPS) — Acceptance and reverification tests for coordinate measuring systems (CMS) — Part 12: Articulated arm coordinate measurement machines (CMM)},
author = {ISO 10360-12:2016},
url = {https://www.iso.org/standard/63931.html},
language = {en},
institution = {International Organization for Standardization},
year = {2016}
}    
@techreport{ISO_10360-1:2000,
address = {Geneva, CH},
type = {Standard},
title = {Geometrical Product Specifications (GPS) — Acceptance and reverification tests for coordinate measuring machines (CMM) — Part 1: Vocabulary},
author = {ISO 10360-1:2000},
url = {https://www.iso.org/standard/18418.html},
language = {en},
institution = {International Organization for Standardization},
year = {2000}
}    
@techreport{ISO_10360-1:2000/Cor_1:2002,
address = {Geneva, CH},
type = {Standard},
title = {Geometrical Product Specifications (GPS) — Acceptance and reverification tests for coordinate measuring machines (CMM) — Part 1: Vocabulary — Technical Corrigendum 1},
author = {ISO 10360-1:2000/Cor 1:2002},
url = {https://www.iso.org/standard/37694.html},
language = {en},
institution = {International Organization for Standardization},
year = {2002}
}    
@techreport{ISO_10360-2:1994,
address = {Geneva, CH},
type = {Standard},
title = {Coordinate metrology — Part 2: Performance assessment of coordinate measuring machines},
author = {ISO 10360-2:1994},
url = {https://www.iso.org/standard/18419.html},
language = {en},
institution = {International Organization for Standardization},
year = {1994}
}    
@techreport{ISO_10360-2:2001,
address = {Geneva, CH},
type = {Standard},
title = {Geometrical Product Specifications (GPS) — Acceptance and reverification tests for coordinate measuring machines (CMM) — Part 2: CMMs used for measuring size},
author = {ISO 10360-2:2001},
url = {https://www.iso.org/standard/29646.html},
language = {en},
institution = {International Organization for Standardization},
year = {2001}
}    
@techreport{ISO_10360-2:2009,
address = {Geneva, CH},
type = {Standard},
title = {Geometrical product specifications (GPS) — Acceptance and reverification tests for coordinate measuring machines (CMM) — Part 2: CMMs used for measuring linear dimensions},
author = {ISO 10360-2:2009},
url = {https://www.iso.org/standard/40954.html},
language = {en},
institution = {International Organization for Standardization},
year = {2009}
}    
@techreport{ISO_10360-3:2000,
address = {Geneva, CH},
type = {Standard},
title = {Geometrical Product Specifications (GPS) — Acceptance and reverification tests for coordinate measuring machines (CMM) — Part 3: CMMs with the axis of a rotary table as the fourth axis},
author = {ISO 10360-3:2000},
url = {https://www.iso.org/standard/22021.html},
language = {en},
institution = {International Organization for Standardization},
year = {2000}
}    
@techreport{ISO_10360-4:2000,
address = {Geneva, CH},
type = {Standard},
title = {Geometrical Product Specifications (GPS) — Acceptance and reverification tests for coordinate measuring machines (CMM) — Part 4: CMMs used in scanning measuring mode},
author = {ISO 10360-4:2000},
url = {https://www.iso.org/standard/25893.html},
language = {en},
institution = {International Organization for Standardization},
year = {2000}
}    
@techreport{ISO_10360-4:2000/Cor_1:2002,
address = {Geneva, CH},
type = {Standard},
title = {Geometrical Product Specifications (GPS) — Acceptance and reverification tests for coordinate measuring machines (CMM) — Part 4: CMMs used in scanning measuring mode — Technical Corrigendum 1},
author = {ISO 10360-4:2000/Cor 1:2002},
url = {https://www.iso.org/standard/37695.html},
language = {en},
institution = {International Organization for Standardization},
year = {2002}
}    
@techreport{ISO_10360-5:2000,
address = {Geneva, CH},
type = {Standard},
title = {Geometrical Product Specifications (GPS) — Acceptance and reverification tests  for coordinate measuring machines (CMM) — Part 5: CMMs using multiple-stylus probing systems},
author = {ISO 10360-5:2000},
url = {https://www.iso.org/standard/28094.html},
language = {en},
institution = {International Organization for Standardization},
year = {2000}
}    
@techreport{ISO_10360-5:2010,
address = {Geneva, CH},
type = {Standard},
title = {Geometrical product specifications (GPS) — Acceptance and reverification tests for coordinate measuring machines (CMM) — Part 5: CMMs using single and multiple stylus contacting probing systems},
author = {ISO 10360-5:2010},
url = {https://www.iso.org/standard/40956.html},
language = {en},
institution = {International Organization for Standardization},
year = {2010}
}    
@techreport{ISO_10360-6:2001,
address = {Geneva, CH},
type = {Standard},
title = {Geometrical Product Specifications (GPS) — Acceptance and reverification tests for coordinate measuring machines (CMM) — Part 6: Estimation of errors in computing Gaussian associated features},
author = {ISO 10360-6:2001},
url = {https://www.iso.org/standard/28095.html},
language = {en},
institution = {International Organization for Standardization},
year = {2001}
}    
@techreport{ISO_10360-6:2001/Cor_1:2007,
address = {Geneva, CH},
type = {Standard},
title = {Geometrical Product Specifications (GPS) — Acceptance and reverification tests for coordinate measuring machines (CMM) — Part 6: Estimation of errors in computing Gaussian associated features — Technical Corrigendum 1},
author = {ISO 10360-6:2001/Cor 1:2007},
url = {https://www.iso.org/standard/45937.html},
language = {en},
institution = {International Organization for Standardization},
year = {2007}
}    
@techreport{ISO_10360-7:2011,
address = {Geneva, CH},
type = {Standard},
title = {Geometrical product specifications (GPS) — Acceptance and reverification tests for coordinate measuring machines (CMM) — Part 7: CMMs equipped with imaging probing systems},
author = {ISO 10360-7:2011},
url = {https://www.iso.org/standard/43904.html},
language = {en},
institution = {International Organization for Standardization},
year = {2011}
}    
@techreport{ISO_10360-8:2013,
address = {Geneva, CH},
type = {Standard},
title = {Geometrical product specifications (GPS) — Acceptance and reverification tests for coordinate measuring systems (CMS) — Part 8: CMMs with optical distance sensors},
author = {ISO 10360-8:2013},
url = {https://www.iso.org/standard/54522.html},
language = {en},
institution = {International Organization for Standardization},
year = {2013}
}    
@techreport{ISO_10360-9:2013,
address = {Geneva, CH},
type = {Standard},
title = {Geometrical product specifications (GPS) — Acceptance and reverification tests for coordinate measuring systems (CMS) — Part 9: CMMs with multiple probing systems},
author = {ISO 10360-9:2013},
url = {https://www.iso.org/standard/54523.html},
language = {en},
institution = {International Organization for Standardization},
year = {2013}
}    
@techreport{ISO/CD_10360-11,
address = {Geneva, CH},
type = {Standard},
title = {Geometrical product specifications (GPS) — Acceptance and reverification tests for coordinate measuring machines (CMM) — Part 11: CMMs using the principle of computed tomography (CT)},
author = {ISO/CD 10360-11},
url = {https://www.iso.org/standard/73732.html},
language = {en},
institution = {International Organization for Standardization},
year = {n.a.}
}    
@techreport{ISO/CD_10360-13,
address = {Geneva, CH},
type = {Standard},
title = {Geometrical product specifications (GPS) — Acceptance and reverification tests for coordinate measuring systems (CMS) — Part 13: Optical 3D CMS},
author = {ISO/CD 10360-13},
url = {https://www.iso.org/standard/74957.html},
language = {en},
institution = {International Organization for Standardization},
year = {n.a.}
}    
@techreport{ISO/DIS_10360-10,
address = {Geneva, CH},
type = {Standard},
title = {Geometrical product specifications (GPS) — Acceptance and reverification tests for coordinate measuring systems (CMS) — Part 10: Laser trackers},
author = {ISO/DIS 10360-10},
url = {https://www.iso.org/standard/77155.html},
language = {en},
institution = {International Organization for Standardization},
year = {n.a.}
}    
@techreport{ISO/DIS_10360-5,
address = {Geneva, CH},
type = {Standard},
title = {Geometrical product specifications (GPS) — Acceptance and reverification tests for coordinate measuring systems (CMS) — Part 5: CMMs using single and multiple stylus contacting probing systems using discrete point and/or scanning measuring mode},
author = {ISO/DIS 10360-5},
url = {https://www.iso.org/standard/73431.html},
language = {en},
institution = {International Organization for Standardization},
year = {n.a.}
}    
@techreport{ISO_10578:1992,
address = {Geneva, CH},
type = {Standard},
title = {Technical drawings — Tolerancing of orientation and location — Projected tolerance zone},
author = {ISO 10578:1992},
url = {https://www.iso.org/standard/18662.html},
language = {en},
institution = {International Organization for Standardization},
year = {1992}
}    
@techreport{ISO_10579:1993,
address = {Geneva, CH},
type = {Standard},
title = {Technical drawings — Dimensioning and tolerancing — Non-rigid parts},
author = {ISO 10579:1993},
url = {https://www.iso.org/standard/18663.html},
language = {en},
institution = {International Organization for Standardization},
year = {1993}
}    
@techreport{ISO_10579:2010,
address = {Geneva, CH},
type = {Standard},
title = {Geometrical product specifications (GPS) — Dimensioning and tolerancing — Non-rigid parts},
author = {ISO 10579:2010},
url = {https://www.iso.org/standard/54707.html},
language = {en},
institution = {International Organization for Standardization},
year = {2010}
}    
@techreport{ISO_10579:2010/Cor_1:2011,
address = {Geneva, CH},
type = {Standard},
title = {Geometrical product specifications (GPS) — Dimensioning and tolerancing — Non-rigid parts — Technical Corrigendum 1},
author = {ISO 10579:2010/Cor 1:2011},
url = {https://www.iso.org/standard/60818.html},
language = {en},
institution = {International Organization for Standardization},
year = {2011}
}    
@techreport{ISO_11562:1996,
address = {Geneva, CH},
type = {Standard},
title = {Geometrical Product Specifications (GPS) — Surface texture: Profile method — Metrological characteristics of phase correct filters},
author = {ISO 11562:1996},
url = {https://www.iso.org/standard/21977.html},
language = {en},
institution = {International Organization for Standardization},
year = {1996}
}    
@techreport{ISO_11562:1996/Cor_1:1998,
address = {Geneva, CH},
type = {Standard},
title = {Geometrical Product Specifications (GPS) — Surface texture: Profile method — Metrological characteristics of phase correct filters — Technical Corrigendum 1},
author = {ISO 11562:1996/Cor 1:1998},
url = {https://www.iso.org/standard/29876.html},
language = {en},
institution = {International Organization for Standardization},
year = {1998}
}    
@techreport{ISO_12085:1996,
address = {Geneva, CH},
type = {Standard},
title = {Geometrical Product Specifications (GPS) — Surface texture: Profile method — Motif parameters},
author = {ISO 12085:1996},
url = {https://www.iso.org/standard/20867.html},
language = {en},
institution = {International Organization for Standardization},
year = {1996}
}    
@techreport{ISO_12085:1996/Cor_1:1998,
address = {Geneva, CH},
type = {Standard},
title = {Geometrical Product Specifications (GPS) — Surface texture: Profile method — Motif parameters — Technical Corrigendum 1},
author = {ISO 12085:1996/Cor 1:1998},
url = {https://www.iso.org/standard/29877.html},
language = {en},
institution = {International Organization for Standardization},
year = {1998}
}    
@techreport{ISO_12179:2000,
address = {Geneva, CH},
type = {Standard},
title = {Geometrical Product Specifications (GPS) — Surface texture: Profile method — Calibration of contact (stylus) instruments},
author = {ISO 12179:2000},
url = {https://www.iso.org/standard/21119.html},
language = {en},
institution = {International Organization for Standardization},
year = {2000}
}    
@techreport{ISO_12179:2000/Cor_1:2003,
address = {Geneva, CH},
type = {Standard},
title = {Geometrical Product Specifications (GPS) — Surface texture: Profile method — Calibration of contact (stylus) instruments — Technical Corrigendum 1},
author = {ISO 12179:2000/Cor 1:2003},
url = {https://www.iso.org/standard/39419.html},
language = {en},
institution = {International Organization for Standardization},
year = {2003}
}    
@techreport{ISO/CD_12179,
address = {Geneva, CH},
type = {Standard},
title = {Geometrical Product Specifications (GPS) — Surface texture: Profile method — Calibration of contact (stylus) instruments},
author = {ISO/CD 12179},
url = {https://www.iso.org/standard/72758.html},
language = {en},
institution = {International Organization for Standardization},
year = {n.a.}
}    
@techreport{ISO_12180-1:2011,
address = {Geneva, CH},
type = {Standard},
title = {Geometrical product specifications (GPS) — Cylindricity — Part 1: Vocabulary and parameters of cylindrical form},
author = {ISO 12180-1:2011},
url = {https://www.iso.org/standard/53611.html},
language = {en},
institution = {International Organization for Standardization},
year = {2011}
}    
@techreport{ISO_12180-2:2011,
address = {Geneva, CH},
type = {Standard},
title = {Geometrical product specifications (GPS) — Cylindricity — Part 2: Specification operators},
author = {ISO 12180-2:2011},
url = {https://www.iso.org/standard/53612.html},
language = {en},
institution = {International Organization for Standardization},
year = {2011}
}    
@techreport{ISO/TS_12180-1:2003,
address = {Geneva, CH},
type = {Standard},
title = {Geometrical Product Specifications (GPS) — Cylindricity — Part 1: Vocabulary and parameters of cylindrical form},
author = {ISO/TS 12180-1:2003},
url = {https://www.iso.org/standard/38353.html},
language = {en},
institution = {International Organization for Standardization},
year = {2003}
}    
@techreport{ISO/TS_12180-2:2003,
address = {Geneva, CH},
type = {Standard},
title = {Geometrical Product Specifications (GPS) — Cylindricity — Part 2: Specification operators},
author = {ISO/TS 12180-2:2003},
url = {https://www.iso.org/standard/38354.html},
language = {en},
institution = {International Organization for Standardization},
year = {2003}
}    
@techreport{ISO/TS_12180-2:2003/Cor_1:2010,
address = {Geneva, CH},
type = {Standard},
title = {Geometrical Product Specifications (GPS) — Cylindricity — Part 2: Specification operators — Technical Corrigendum 1},
author = {ISO/TS 12180-2:2003/Cor 1:2010},
url = {https://www.iso.org/standard/56221.html},
language = {en},
institution = {International Organization for Standardization},
year = {2010}
}    
@techreport{ISO_12181-1:2011,
address = {Geneva, CH},
type = {Standard},
title = {Geometrical product specifications (GPS) — Roundness — Part 1: Vocabulary and parameters of roundness},
author = {ISO 12181-1:2011},
url = {https://www.iso.org/standard/53620.html},
language = {en},
institution = {International Organization for Standardization},
year = {2011}
}    
@techreport{ISO_12181-2:2011,
address = {Geneva, CH},
type = {Standard},
title = {Geometrical product specifications (GPS) — Roundness — Part 2: Specification operators},
author = {ISO 12181-2:2011},
url = {https://www.iso.org/standard/53621.html},
language = {en},
institution = {International Organization for Standardization},
year = {2011}
}    
@techreport{ISO/TS_12181-1:2003,
address = {Geneva, CH},
type = {Standard},
title = {Geometrical Product Specifications (GPS) — Roundness — Part 1: Vocabulary and parameters of roundness},
author = {ISO/TS 12181-1:2003},
url = {https://www.iso.org/standard/38355.html},
language = {en},
institution = {International Organization for Standardization},
year = {2003}
}    
@techreport{ISO/TS_12181-2:2003,
address = {Geneva, CH},
type = {Standard},
title = {Geometrical Product Specifications (GPS) — Roundness — Part 2: Specification operators},
author = {ISO/TS 12181-2:2003},
url = {https://www.iso.org/standard/38356.html},
language = {en},
institution = {International Organization for Standardization},
year = {2003}
}    
@techreport{ISO/TS_12181-2:2003/Cor_1:2010,
address = {Geneva, CH},
type = {Standard},
title = {Geometrical Product Specifications (GPS) — Roundness — Part 2: Specification operators — Technical Corrigendum 1},
author = {ISO/TS 12181-2:2003/Cor 1:2010},
url = {https://www.iso.org/standard/56222.html},
language = {en},
institution = {International Organization for Standardization},
year = {2010}
}    
@techreport{ISO_12780-1:2011,
address = {Geneva, CH},
type = {Standard},
title = {Geometrical product specifications (GPS) — Straightness — Part 1: Vocabulary and parameters of straightness},
author = {ISO 12780-1:2011},
url = {https://www.iso.org/standard/53622.html},
language = {en},
institution = {International Organization for Standardization},
year = {2011}
}    
@techreport{ISO_12780-2:2011,
address = {Geneva, CH},
type = {Standard},
title = {Geometrical product specifications (GPS) — Straightness — Part 2: Specification operators},
author = {ISO 12780-2:2011},
url = {https://www.iso.org/standard/53623.html},
language = {en},
institution = {International Organization for Standardization},
year = {2011}
}    
@techreport{ISO/TS_12780-1:2003,
address = {Geneva, CH},
type = {Standard},
title = {Geometrical Product Specifications (GPS) — Straightness — Part 1: Vocabulary and parameters of straightness},
author = {ISO/TS 12780-1:2003},
url = {https://www.iso.org/standard/38729.html},
language = {en},
institution = {International Organization for Standardization},
year = {2003}
}    
@techreport{ISO/TS_12780-2:2003,
address = {Geneva, CH},
type = {Standard},
title = {Geometrical Product Specifications (GPS) — Straightness — Part 2: Specification operators},
author = {ISO/TS 12780-2:2003},
url = {https://www.iso.org/standard/38730.html},
language = {en},
institution = {International Organization for Standardization},
year = {2003}
}    
@techreport{ISO/TS_12780-2:2003/Cor_1:2010_[unknown],
address = {Geneva, CH},
type = {Standard},
title = {Geometrical Product Specifications (GPS) — Straightness — Part 2: Specification operators — Technical Corrigendum 1},
author = {ISO/TS 12780-2:2003/Cor 1:2010 [unknown]},
url = {https://www.iso.org/standard/56223.html},
language = {en},
institution = {International Organization for Standardization},
year = {2010}
}    
@techreport{ISO_12781-1:2011,
address = {Geneva, CH},
type = {Standard},
title = {Geometrical product specifications (GPS) — Flatness — Part 1: Vocabulary and parameters of flatness},
author = {ISO 12781-1:2011},
url = {https://www.iso.org/standard/53624.html},
language = {en},
institution = {International Organization for Standardization},
year = {2011}
}    
@techreport{ISO_12781-2:2011,
address = {Geneva, CH},
type = {Standard},
title = {Geometrical product specifications (GPS) — Flatness — Part 2: Specification operators},
author = {ISO 12781-2:2011},
url = {https://www.iso.org/standard/53625.html},
language = {en},
institution = {International Organization for Standardization},
year = {2011}
}    
@techreport{ISO/TS_12781-1:2003,
address = {Geneva, CH},
type = {Standard},
title = {Geometrical Product Specifications (GPS) — Flatness — Part 1: Vocabulary and parameters of flatness},
author = {ISO/TS 12781-1:2003},
url = {https://www.iso.org/standard/38731.html},
language = {en},
institution = {International Organization for Standardization},
year = {2003}
}    
@techreport{ISO/TS_12781-2:2003,
address = {Geneva, CH},
type = {Standard},
title = {Geometrical Product Specifications (GPS) — Flatness — Part 2: Specification operators},
author = {ISO/TS 12781-2:2003},
url = {https://www.iso.org/standard/38732.html},
language = {en},
institution = {International Organization for Standardization},
year = {2003}
}    
@techreport{ISO/TS_12781-2:2003/Cor_1:2010_[unknown],
address = {Geneva, CH},
type = {Standard},
title = {Geometrical Product Specifications (GPS) — Flatness — Part 2: Specification operators — Technical Corrigendum 1},
author = {ISO/TS 12781-2:2003/Cor 1:2010 [unknown]},
url = {https://www.iso.org/standard/56227.html},
language = {en},
institution = {International Organization for Standardization},
year = {2010}
}    
@techreport{ISO/PAS_12868:2009,
address = {Geneva, CH},
type = {Standard},
title = {Geometrical product specification (GPS) — Coordinate measuring machines (CMM): Testing the performance of CMMs using single-stylus contacting probing systems},
author = {ISO/PAS 12868:2009},
url = {https://www.iso.org/standard/52076.html},
language = {en},
institution = {International Organization for Standardization},
year = {2009}
}    
@techreport{ISO_13102:2012,
address = {Geneva, CH},
type = {Standard},
title = {Geometrical product specifications (GPS) — Dimensional measuring equipment: Electronic digital-indicator gauge — Design and metrological characteristics},
author = {ISO 13102:2012},
url = {https://www.iso.org/standard/52821.html},
language = {en},
institution = {International Organization for Standardization},
year = {2012}
}    
@techreport{ISO_13225:2012,
address = {Geneva, CH},
type = {Standard},
title = {Geometrical product specifications (GPS) — Dimensional measuring equipment; Height gauges — Design and metrological characteristics},
author = {ISO 13225:2012},
url = {https://www.iso.org/standard/42893.html},
language = {en},
institution = {International Organization for Standardization},
year = {2012}
}    
@techreport{ISO_13385-1:2011,
address = {Geneva, CH},
type = {Standard},
title = {Geometrical product specifications (GPS) — Dimensional measuring equipment — Part 1: Callipers; Design and metrological characteristics},
author = {ISO 13385-1:2011},
url = {https://www.iso.org/standard/42799.html},
language = {en},
institution = {International Organization for Standardization},
year = {2011}
}    
@techreport{ISO_13385-1:2019,
address = {Geneva, CH},
type = {Standard},
title = {Geometrical product specifications (GPS) — Dimensional measuring equipment — Part 1: Design and metrological characteristics of callipers},
author = {ISO 13385-1:2019},
url = {https://www.iso.org/standard/71149.html},
language = {en},
institution = {International Organization for Standardization},
year = {2019}
}    
@techreport{ISO_13385-2:2011,
address = {Geneva, CH},
type = {Standard},
title = {Geometrical product specifications (GPS) — Dimensional measuring equipment — Part 2: Calliper depth gauges; Design and metrological characteristics},
author = {ISO 13385-2:2011},
url = {https://www.iso.org/standard/42801.html},
language = {en},
institution = {International Organization for Standardization},
year = {2011}
}    
@techreport{ISO/DIS_13385-2,
address = {Geneva, CH},
type = {Standard},
title = {Geometrical product specifications (GPS) — Dimensional measuring equipment — Part 2: Calliper depth gauges; Design and metrological characteristics},
author = {ISO/DIS 13385-2},
url = {https://www.iso.org/standard/77153.html},
language = {en},
institution = {International Organization for Standardization},
year = {n.a.}
}    
@techreport{ISO_13565-1:1996,
address = {Geneva, CH},
type = {Standard},
title = {Geometrical Product Specifications (GPS) — Surface texture: Profile method; Surfaces having stratified functional properties — Part 1: Filtering and general measurement conditions},
author = {ISO 13565-1:1996},
url = {https://www.iso.org/standard/22279.html},
language = {en},
institution = {International Organization for Standardization},
year = {1996}
}    
@techreport{ISO_13565-1:1996/Cor_1:1998,
address = {Geneva, CH},
type = {Standard},
title = {Geometrical Product Specifications (GPS) — Surface texture: Profile method; Surfaces having stratified functional properties — Part 1: Filtering and general measurement conditions — Technical Corrigendum 1},
author = {ISO 13565-1:1996/Cor 1:1998},
url = {https://www.iso.org/standard/29878.html},
language = {en},
institution = {International Organization for Standardization},
year = {1998}
}    
@techreport{ISO_13565-2:1996,
address = {Geneva, CH},
type = {Standard},
title = {Geometrical Product Specifications (GPS) — Surface texture: Profile method; Surfaces having stratified functional properties — Part 2: Height characterization using the linear material ratio curve},
author = {ISO 13565-2:1996},
url = {https://www.iso.org/standard/22280.html},
language = {en},
institution = {International Organization for Standardization},
year = {1996}
}    
@techreport{ISO_13565-2:1996/Cor_1:1998,
address = {Geneva, CH},
type = {Standard},
title = {Geometrical Product Specifications (GPS) — Surface texture: Profile method; Surfaces having stratified functional properties — Part 2: Height characterization using the linear material ratio curve — Technical Corrigendum 1},
author = {ISO 13565-2:1996/Cor 1:1998},
url = {https://www.iso.org/standard/29879.html},
language = {en},
institution = {International Organization for Standardization},
year = {1998}
}    
@techreport{ISO_13565-3:1998,
address = {Geneva, CH},
type = {Standard},
title = {Geometrical Product Specifications (GPS) — Surface texture: Profile method; Surfaces having stratified functional properties — Part 3: Height characterization using the material probability curve},
author = {ISO 13565-3:1998},
url = {https://www.iso.org/standard/26280.html},
language = {en},
institution = {International Organization for Standardization},
year = {1998}
}    
@techreport{ISO_14253-1:1998,
address = {Geneva, CH},
type = {Standard},
title = {Geometrical Product Specifications (GPS) — Inspection by measurement of workpieces and measuring equipment — Part 1: Decision rules for proving conformance or non-conformance with specifications},
author = {ISO 14253-1:1998},
url = {https://www.iso.org/standard/23021.html},
language = {en},
institution = {International Organization for Standardization},
year = {1998}
}    
@techreport{ISO_14253-1:2013,
address = {Geneva, CH},
type = {Standard},
title = {Geometrical product specifications (GPS) — Inspection by measurement of workpieces and measuring equipment — Part 1: Decision rules for proving conformity or nonconformity with specifications},
author = {ISO 14253-1:2013},
url = {https://www.iso.org/standard/63638.html},
language = {en},
institution = {International Organization for Standardization},
year = {2013}
}    
@techreport{ISO_14253-1:2017,
address = {Geneva, CH},
type = {Standard},
title = {Geometrical product specifications (GPS) — Inspection by measurement of workpieces and measuring equipment — Part 1: Decision rules for verifying conformity or nonconformity with specifications},
author = {ISO 14253-1:2017},
url = {https://www.iso.org/standard/70137.html},
language = {en},
institution = {International Organization for Standardization},
year = {2017}
}    
@techreport{ISO_14253-2:2011,
address = {Geneva, CH},
type = {Standard},
title = {Geometrical product specifications (GPS) — Inspection by measurement of workpieces and measuring equipment — Part 2: Guidance for the estimation of uncertainty in GPS measurement, in calibration of measuring equipment and in product verification},
author = {ISO 14253-2:2011},
url = {https://www.iso.org/standard/53631.html},
language = {en},
institution = {International Organization for Standardization},
year = {2011}
}    
@techreport{ISO_14253-2:2011/Cor_1:2013,
address = {Geneva, CH},
type = {Standard},
title = {Geometrical product specifications (GPS) — Inspection by measurement of workpieces and measuring equipment — Part 2: Guidance for the estimation of uncertainty in GPS measurement, in calibration of measuring equipment and in product verification — Technical Corrigendum 1},
author = {ISO 14253-2:2011/Cor 1:2013},
url = {https://www.iso.org/standard/63906.html},
language = {en},
institution = {International Organization for Standardization},
year = {2013}
}    
@techreport{ISO_14253-3:2011,
address = {Geneva, CH},
type = {Standard},
title = {Geometrical product specifications (GPS) — Inspection by measurement of workpieces and measuring equipment — Part 3: Guidelines for achieving agreements on measurement uncertainty statements},
author = {ISO 14253-3:2011},
url = {https://www.iso.org/standard/53626.html},
language = {en},
institution = {International Organization for Standardization},
year = {2011}
}    
@techreport{ISO_14253-5:2015,
address = {Geneva, CH},
type = {Standard},
title = {Geometrical product specifications (GPS) — Inspection by measurement of workpieces and measuring equipment — Part 5: Uncertainty in verification testing of indicating measuring instruments},
author = {ISO 14253-5:2015},
url = {https://www.iso.org/standard/60160.html},
language = {en},
institution = {International Organization for Standardization},
year = {2015}
}    
@techreport{ISO/TR_14253-6:2012,
address = {Geneva, CH},
type = {Standard},
title = {Geometrical product specifications (GPS) — Inspection by measurement of workpieces and measuring equipment — Part 6: Generalized decision rules for the acceptance and rejection of instruments and workpieces},
author = {ISO/TR 14253-6:2012},
url = {https://www.iso.org/standard/60161.html},
language = {en},
institution = {International Organization for Standardization},
year = {2012}
}    
@techreport{ISO/TS_14253-2:1999,
address = {Geneva, CH},
type = {Standard},
title = {Geometrical Product Specifications (GPS) — Inspection by measurement of workpieces and measuring equipment — Part 2: Guide to the estimation of uncertainty in GPS measurement, in calibration of measuring equipment and in product verification},
author = {ISO/TS 14253-2:1999},
url = {https://www.iso.org/standard/28087.html},
language = {en},
institution = {International Organization for Standardization},
year = {1999}
}    
@techreport{ISO/TS_14253-2:1999/Cor_1:2007,
address = {Geneva, CH},
type = {Standard},
title = {Geometrical Product Specifications (GPS) — Inspection by measurement of workpieces and measuring equipment — Part 2: Guide to the estimation of uncertainty in GPS measurement, in calibration of measuring equipment and in product verification — Technical Corrigendum 1},
author = {ISO/TS 14253-2:1999/Cor 1:2007},
url = {https://www.iso.org/standard/46106.html},
language = {en},
institution = {International Organization for Standardization},
year = {2007}
}    
@techreport{ISO/TS_14253-3:2002,
address = {Geneva, CH},
type = {Standard},
title = {Geometrical Product Specifications (GPS) — Inspection by measurement of workpieces and measuring equipment — Part 3: Guidelines for achieving agreements on measurement uncertainty statements},
author = {ISO/TS 14253-3:2002},
url = {https://www.iso.org/standard/31548.html},
language = {en},
institution = {International Organization for Standardization},
year = {2002}
}    
@techreport{ISO/TS_14253-4:2010,
address = {Geneva, CH},
type = {Standard},
title = {Geometrical product specifications (GPS) — Inspection by measurement of workpieces and measuring equipment — Part 4: Background on functional limits and specification limits in decision rules},
author = {ISO/TS 14253-4:2010},
url = {https://www.iso.org/standard/52982.html},
language = {en},
institution = {International Organization for Standardization},
year = {2010}
}    
@techreport{ISO_14405-1:2010,
address = {Geneva, CH},
type = {Standard},
title = {Geometrical product specifications (GPS) — Dimensional tolerancing — Part 1: Linear sizes},
author = {ISO 14405-1:2010},
url = {https://www.iso.org/standard/44209.html},
language = {en},
institution = {International Organization for Standardization},
year = {2010}
}    
@techreport{ISO_14405-1:2016,
address = {Geneva, CH},
type = {Standard},
title = {Geometrical product specifications (GPS) — Dimensional tolerancing — Part 1: Linear sizes},
author = {ISO 14405-1:2016},
url = {https://www.iso.org/standard/65202.html},
language = {en},
institution = {International Organization for Standardization},
year = {2016}
}    
@techreport{ISO_14405-2:2011,
address = {Geneva, CH},
type = {Standard},
title = {Geometrical product specifications (GPS) — Dimensional tolerancing — Part 2: Dimensions other than linear sizes},
author = {ISO 14405-2:2011},
url = {https://www.iso.org/standard/54013.html},
language = {en},
institution = {International Organization for Standardization},
year = {2011}
}    
@techreport{ISO_14405-2:2018,
address = {Geneva, CH},
type = {Standard},
title = {Geometrical product specifications (GPS) — Dimensional tolerancing — Part 2: Dimensions other than linear or angular sizes},
author = {ISO 14405-2:2018},
url = {https://www.iso.org/standard/75447.html},
language = {en},
institution = {International Organization for Standardization},
year = {2018}
}    
@techreport{ISO_14405-3:2016,
address = {Geneva, CH},
type = {Standard},
title = {Geometrical product specifications (GPS) — Dimensional tolerancing — Part 3: Angular sizes},
author = {ISO 14405-3:2016},
url = {https://www.iso.org/standard/62308.html},
language = {en},
institution = {International Organization for Standardization},
year = {2016}
}    
@techreport{ISO_14406:2010,
address = {Geneva, CH},
type = {Standard},
title = {Geometrical product specifications (GPS) — Extraction},
author = {ISO 14406:2010},
url = {https://www.iso.org/standard/24235.html},
language = {en},
institution = {International Organization for Standardization},
year = {2010}
}    
@techreport{ISO_14638:2015,
address = {Geneva, CH},
type = {Standard},
title = {Geometrical product specifications (GPS) — Matrix model},
author = {ISO 14638:2015},
url = {https://www.iso.org/standard/57054.html},
language = {en},
institution = {International Organization for Standardization},
year = {2015}
}    
@techreport{ISO/TR_14638:1995,
address = {Geneva, CH},
type = {Standard},
title = {Geometrical product specification (GPS) — Masterplan},
author = {ISO/TR 14638:1995},
url = {https://www.iso.org/standard/25016.html},
language = {en},
institution = {International Organization for Standardization},
year = {1995}
}    
@techreport{ISO_14660-1:1999,
address = {Geneva, CH},
type = {Standard},
title = {Geometrical Product Specifications (GPS) — Geometrical features — Part 1: General terms and definitions},
author = {ISO 14660-1:1999},
url = {https://www.iso.org/standard/24150.html},
language = {en},
institution = {International Organization for Standardization},
year = {1999}
}    
@techreport{ISO_14660-2:1999,
address = {Geneva, CH},
type = {Standard},
title = {Geometrical Product Specifications (GPS) — Geometrical features — Part 2: Extracted median line of a cylinder and a cone, extracted median surface, local size of an extracted feature},
author = {ISO 14660-2:1999},
url = {https://www.iso.org/standard/28070.html},
language = {en},
institution = {International Organization for Standardization},
year = {1999}
}    
@techreport{ISO_14978:2006,
address = {Geneva, CH},
type = {Standard},
title = {Geometrical product specifications (GPS) — General concepts and requirements for GPS measuring equipment},
author = {ISO 14978:2006},
url = {https://www.iso.org/standard/42930.html},
language = {en},
institution = {International Organization for Standardization},
year = {2006}
}    
@techreport{ISO_14978:2006/Cor_1:2008,
address = {Geneva, CH},
type = {Standard},
title = {Geometrical product specifications (GPS) — General concepts and requirements for GPS measuring equipment — Technical Corrigendum 1},
author = {ISO 14978:2006/Cor 1:2008},
url = {https://www.iso.org/standard/50992.html},
language = {en},
institution = {International Organization for Standardization},
year = {2008}
}    
@techreport{ISO_14978:2018,
address = {Geneva, CH},
type = {Standard},
title = {Geometrical product specifications (GPS) — General concepts and requirements for GPS measuring equipment},
author = {ISO 14978:2018},
url = {https://www.iso.org/standard/71148.html},
language = {en},
institution = {International Organization for Standardization},
year = {2018}
}    
@techreport{ISO_15530-3:2011,
address = {Geneva, CH},
type = {Standard},
title = {Geometrical product specifications (GPS) — Coordinate measuring machines (CMM): Technique for determining the uncertainty of measurement — Part 3: Use of calibrated workpieces or measurement standards},
author = {ISO 15530-3:2011},
url = {https://www.iso.org/standard/53627.html},
language = {en},
institution = {International Organization for Standardization},
year = {2011}
}    
@techreport{ISO/TS_15530-1:2013,
address = {Geneva, CH},
type = {Standard},
title = {Geometrical product specifications (GPS) — Coordinate measuring machines (CMM): Technique for determining the uncertainty of measurement — Part 1: Overview and metrological characteristics},
author = {ISO/TS 15530-1:2013},
url = {https://www.iso.org/standard/38693.html},
language = {en},
institution = {International Organization for Standardization},
year = {2013}
}    
@techreport{ISO/TS_15530-3:2004,
address = {Geneva, CH},
type = {Standard},
title = {Geometrical Product Specifications (GPS) — Coordinate measuring machines (CMM): Technique for determining the uncertainty of measurement — Part 3: Use of calibrated workpieces or standards},
author = {ISO/TS 15530-3:2004},
url = {https://www.iso.org/standard/38695.html},
language = {en},
institution = {International Organization for Standardization},
year = {2004}
}    
@techreport{ISO/TS_15530-4:2008,
address = {Geneva, CH},
type = {Standard},
title = {Geometrical Product Specifications (GPS) — Coordinate measuring machines (CMM): Technique for determining the uncertainty of measurement — Part 4: Evaluating task-specific measurement uncertainty using simulation},
author = {ISO/TS 15530-4:2008},
url = {https://www.iso.org/standard/38696.html},
language = {en},
institution = {International Organization for Standardization},
year = {2008}
}    
@techreport{ISO/TR_16015:2003,
address = {Geneva, CH},
type = {Standard},
title = {Geometrical product specifications (GPS) — Systematic errors and contributions to measurement uncertainty of length measurement due to thermal influences},
author = {ISO/TR 16015:2003},
url = {https://www.iso.org/standard/29436.html},
language = {en},
institution = {International Organization for Standardization},
year = {2003}
}    
@techreport{ISO/TR_16570:2004,
address = {Geneva, CH},
type = {Standard},
title = {Geometrical Product Specifications (GPS) — Linear and angular dimensioning and tolerancing: +/- limit specifications — Step dimensions, distances, angular sizes and radii},
author = {ISO/TR 16570:2004},
url = {https://www.iso.org/standard/31028.html},
language = {en},
institution = {International Organization for Standardization},
year = {2004}
}    
@techreport{ISO_16610-1:2015,
address = {Geneva, CH},
type = {Standard},
title = {Geometrical product specifications (GPS) — Filtration — Part 1: Overview and basic concepts},
author = {ISO 16610-1:2015},
url = {https://www.iso.org/standard/61375.html},
language = {en},
institution = {International Organization for Standardization},
year = {2015}
}    
@techreport{ISO_16610-20:2015,
address = {Geneva, CH},
type = {Standard},
title = {Geometrical product specifications (GPS) — Filtration — Part 20: Linear profile filters: Basic concepts},
author = {ISO 16610-20:2015},
url = {https://www.iso.org/standard/61376.html},
language = {en},
institution = {International Organization for Standardization},
year = {2015}
}    
@techreport{ISO_16610-21:2011,
address = {Geneva, CH},
type = {Standard},
title = {Geometrical product specifications (GPS) — Filtration — Part 21: Linear profile filters: Gaussian filters},
author = {ISO 16610-21:2011},
url = {https://www.iso.org/standard/50176.html},
language = {en},
institution = {International Organization for Standardization},
year = {2011}
}    
@techreport{ISO_16610-22:2015,
address = {Geneva, CH},
type = {Standard},
title = {Geometrical product specifications (GPS) — Filtration — Part 22: Linear profile filters: Spline filters},
author = {ISO 16610-22:2015},
url = {https://www.iso.org/standard/61377.html},
language = {en},
institution = {International Organization for Standardization},
year = {2015}
}    
@techreport{ISO_16610-28:2016,
address = {Geneva, CH},
type = {Standard},
title = {Geometrical product specifications (GPS) — Filtration — Part 28: Profile filters: End effects},
author = {ISO 16610-28:2016},
url = {https://www.iso.org/standard/66241.html},
language = {en},
institution = {International Organization for Standardization},
year = {2016}
}    
@techreport{ISO_16610-29:2015,
address = {Geneva, CH},
type = {Standard},
title = {Geometrical product specifications (GPS) — Filtration — Part 29: Linear profile filters: Spline wavelets},
author = {ISO 16610-29:2015},
url = {https://www.iso.org/standard/61378.html},
language = {en},
institution = {International Organization for Standardization},
year = {2015}
}    
@techreport{ISO_16610-30:2015,
address = {Geneva, CH},
type = {Standard},
title = {Geometrical product specifications (GPS) — Filtration — Part 30: Robust profile filters: Basic concepts},
author = {ISO 16610-30:2015},
url = {https://www.iso.org/standard/62881.html},
language = {en},
institution = {International Organization for Standardization},
year = {2015}
}    
@techreport{ISO_16610-31:2016,
address = {Geneva, CH},
type = {Standard},
title = {Geometrical product specifications (GPS) — Filtration — Part 31: Robust profile filters: Gaussian regression filters},
author = {ISO 16610-31:2016},
url = {https://www.iso.org/standard/66242.html},
language = {en},
institution = {International Organization for Standardization},
year = {2016}
}    
@techreport{ISO_16610-40:2015,
address = {Geneva, CH},
type = {Standard},
title = {Geometrical product specifications (GPS) — Filtration — Part 40: Morphological profile filters: Basic concepts},
author = {ISO 16610-40:2015},
url = {https://www.iso.org/standard/61379.html},
language = {en},
institution = {International Organization for Standardization},
year = {n.a.}
}    
@techreport{ISO_16610-41:2015,
address = {Geneva, CH},
type = {Standard},
title = {Geometrical product specifications (GPS) — Filtration — Part 41: Morphological profile filters: Disk and horizontal line-segment filters},
author = {ISO 16610-41:2015},
url = {https://www.iso.org/standard/61380.html},
language = {en},
institution = {International Organization for Standardization},
year = {2015}
}    
@techreport{ISO_16610-49:2015,
address = {Geneva, CH},
type = {Standard},
title = {Geometrical product specifications (GPS) — Filtration — Part 49: Morphological profile filters: Scale space techniques},
author = {ISO 16610-49:2015},
url = {https://www.iso.org/standard/61381.html},
language = {en},
institution = {International Organization for Standardization},
year = {2015}
}    
@techreport{ISO_16610-60:2015,
address = {Geneva, CH},
type = {Standard},
title = {Geometrical product specification (GPS) — Filtration — Part 60: Linear areal filters — Basic concepts},
author = {ISO 16610-60:2015},
url = {https://www.iso.org/standard/60812.html},
language = {en},
institution = {International Organization for Standardization},
year = {2015}
}    
@techreport{ISO_16610-61:2015,
address = {Geneva, CH},
type = {Standard},
title = {Geometrical product specification (GPS) — Filtration — Part 61: Linear areal filters — Gaussian filters},
author = {ISO 16610-61:2015},
url = {https://www.iso.org/standard/60813.html},
language = {en},
institution = {International Organization for Standardization},
year = {2015}
}    
@techreport{ISO_16610-61:2015/FDAmd_1,
address = {Geneva, CH},
type = {Standard},
title = {Geometrical product specification (GPS) — Filtration — Part 61: Linear areal filters — Gaussian filters — Amendment 1},
author = {ISO 16610-61:2015/FDAmd 1},
url = {https://www.iso.org/standard/75552.html},
language = {en},
institution = {International Organization for Standardization},
year = {n.a.}
}    
@techreport{ISO_16610-71:2014,
address = {Geneva, CH},
type = {Standard},
title = {Geometrical product specifications (GPS) — Filtration — Part 71: Robust areal filters: Gaussian regression filters},
author = {ISO 16610-71:2014},
url = {https://www.iso.org/standard/60159.html},
language = {en},
institution = {International Organization for Standardization},
year = {2014}
}    
@techreport{ISO_16610-85:2013,
address = {Geneva, CH},
type = {Standard},
title = {Geometrical product specifications (GPS) — Filtration — Part 85: Morphological areal filters: Segmentation},
author = {ISO 16610-85:2013},
url = {https://www.iso.org/standard/60158.html},
language = {en},
institution = {International Organization for Standardization},
year = {2013}
}    
@techreport{ISO/AWI_16610-45_[Unknown_reference_for_00290242],
address = {Geneva, CH},
type = {Standard},
title = {Geometrical product specifications (GPS) — Filtration — Part 45: Part 45: Profile Morphological: Segmentation},
author = {ISO/AWI 16610-45 [Unknown reference for 00290242]},
url = {https://www.iso.org/standard/78496.html},
language = {en},
institution = {International Organization for Standardization},
year = {n.a.}
}    
@techreport{ISO/DIS_16610-29,
address = {Geneva, CH},
type = {Standard},
title = {Geometrical product specifications (GPS) — Filtration — Part 29: Linear profile filters: wavelets},
author = {ISO/DIS 16610-29},
url = {https://www.iso.org/standard/70140.html},
language = {en},
institution = {International Organization for Standardization},
year = {n.a.}
}    
@techreport{ISO/TS_16610-1:2006,
address = {Geneva, CH},
type = {Standard},
title = {Geometrical product specifications (GPS) — Filtration — Part 1: Overview and basic concepts},
author = {ISO/TS 16610-1:2006},
url = {https://www.iso.org/standard/42968.html},
language = {en},
institution = {International Organization for Standardization},
year = {2006}
}    
@techreport{ISO/TS_16610-20:2006,
address = {Geneva, CH},
type = {Standard},
title = {Geometrical product specifications (GPS) — Filtration — Part 20: Linear profile filters: Basic concepts},
author = {ISO/TS 16610-20:2006},
url = {https://www.iso.org/standard/42969.html},
language = {en},
institution = {International Organization for Standardization},
year = {2006}
}    
@techreport{ISO/TS_16610-22:2006,
address = {Geneva, CH},
type = {Standard},
title = {Geometrical product specifications (GPS) — Filtration — Part 22: Linear profile filters: Spline filters},
author = {ISO/TS 16610-22:2006},
url = {https://www.iso.org/standard/42970.html},
language = {en},
institution = {International Organization for Standardization},
year = {2006}
}    
@techreport{ISO/TS_16610-28:2010,
address = {Geneva, CH},
type = {Standard},
title = {Geometrical product specifications (GPS) — Filtration — Part 28: Profile filters: End effects},
author = {ISO/TS 16610-28:2010},
url = {https://www.iso.org/standard/50123.html},
language = {en},
institution = {International Organization for Standardization},
year = {2010}
}    
@techreport{ISO/TS_16610-29:2006,
address = {Geneva, CH},
type = {Standard},
title = {Geometrical product specifications (GPS) — Filtration — Part 29: Linear profile filters: Spline wavelets},
author = {ISO/TS 16610-29:2006},
url = {https://www.iso.org/standard/42971.html},
language = {en},
institution = {International Organization for Standardization},
year = {2006}
}    
@techreport{ISO/TS_16610-30:2009,
address = {Geneva, CH},
type = {Standard},
title = {Geometrical product specifications (GPS) — Filtration — Part 30: Robust profile filters: Basic concepts},
author = {ISO/TS 16610-30:2009},
url = {https://www.iso.org/standard/50177.html},
language = {en},
institution = {International Organization for Standardization},
year = {2009}
}    
@techreport{ISO/TS_16610-31:2010,
address = {Geneva, CH},
type = {Standard},
title = {Geometrical product specifications (GPS) — Filtration — Part 31: Robust profile filters: Gaussian regression filters},
author = {ISO/TS 16610-31:2010},
url = {https://www.iso.org/standard/42972.html},
language = {en},
institution = {International Organization for Standardization},
year = {2010}
}    
@techreport{ISO/TS_16610-32:2009,
address = {Geneva, CH},
type = {Standard},
title = {Geometrical product specifications (GPS) — Filtration — Part 32: Robust profile filters: Spline filters},
author = {ISO/TS 16610-32:2009},
url = {https://www.iso.org/standard/42973.html},
language = {en},
institution = {International Organization for Standardization},
year = {2009}
}    
@techreport{ISO/TS_16610-40:2006,
address = {Geneva, CH},
type = {Standard},
title = {Geometrical product specifications (GPS) — Filtration — Part 40: Morphological profile filters: Basic concepts},
author = {ISO/TS 16610-40:2006},
url = {https://www.iso.org/standard/42974.html},
language = {en},
institution = {International Organization for Standardization},
year = {2006}
}    
@techreport{ISO/TS_16610-41:2006,
address = {Geneva, CH},
type = {Standard},
title = {Geometrical product specifications (GPS) — Filtration — Part 41: Morphological profile filters: Disk and horizontal line-segment filters},
author = {ISO/TS 16610-41:2006},
url = {https://www.iso.org/standard/42975.html},
language = {en},
institution = {International Organization for Standardization},
year = {2006}
}    
@techreport{ISO/TS_16610-49:2006,
address = {Geneva, CH},
type = {Standard},
title = {Geometrical product specifications (GPS) — Filtration — Part 49: Morphological profile filters: Scale space techniques},
author = {ISO/TS 16610-49:2006},
url = {https://www.iso.org/standard/42976.html},
language = {en},
institution = {International Organization for Standardization},
year = {2006}
}    
@techreport{ISO_17450-1:2011,
address = {Geneva, CH},
type = {Standard},
title = {Geometrical product specifications (GPS) — General concepts — Part 1: Model for geometrical specification and verification},
author = {ISO 17450-1:2011},
url = {https://www.iso.org/standard/53628.html},
language = {en},
institution = {International Organization for Standardization},
year = {2011}
}    
@techreport{ISO_17450-2:2012,
address = {Geneva, CH},
type = {Standard},
title = {Geometrical product specifications (GPS) — General concepts — Part 2: Basic tenets, specifications, operators, uncertainties and ambiguities},
author = {ISO 17450-2:2012},
url = {https://www.iso.org/standard/53629.html},
language = {en},
institution = {International Organization for Standardization},
year = {2012}
}    
@techreport{ISO_17450-3:2016,
address = {Geneva, CH},
type = {Standard},
title = {Geometrical product specifications (GPS) — General concepts — Part 3: Toleranced features},
author = {ISO 17450-3:2016},
url = {https://www.iso.org/standard/62309.html},
language = {en},
institution = {International Organization for Standardization},
year = {2016}
}    
@techreport{ISO_17450-4:2017,
address = {Geneva, CH},
type = {Standard},
title = {Geometrical product specifications (GPS) — Basic concepts — Part 4: Geometrical characteristics for quantifying GPS deviations},
author = {ISO 17450-4:2017},
url = {https://www.iso.org/standard/63147.html},
language = {en},
institution = {International Organization for Standardization},
year = {2017}
}    
@techreport{ISO/TS_17450-1:2005,
address = {Geneva, CH},
type = {Standard},
title = {Geometrical product specifications (GPS) — General concepts — Part 1: Model for geometrical specification and verification},
author = {ISO/TS 17450-1:2005},
url = {https://www.iso.org/standard/30671.html},
language = {en},
institution = {International Organization for Standardization},
year = {2005}
}    
@techreport{ISO/TS_17450-1:2005/Cor_1:2007,
address = {Geneva, CH},
type = {Standard},
title = {Geometrical product specifications (GPS) — General concepts — Part 1: Model for geometrical specification and verification — Technical Corrigendum 1},
author = {ISO/TS 17450-1:2005/Cor 1:2007},
url = {https://www.iso.org/standard/46122.html},
language = {en},
institution = {International Organization for Standardization},
year = {2007}
}    
@techreport{ISO/TS_17450-2:2002,
address = {Geneva, CH},
type = {Standard},
title = {Geometrical product specifications (GPS) — General concepts — Part 2: Basic tenets, specifications, operators and uncertainties},
author = {ISO/TS 17450-2:2002},
url = {https://www.iso.org/standard/33756.html},
language = {en},
institution = {International Organization for Standardization},
year = {2002}
}    
@techreport{ISO/TS_17450-2:2002/Cor_1:2004,
address = {Geneva, CH},
type = {Standard},
title = {Geometrical product specifications (GPS) — General concepts — Part 2: Basic tenets, specifications, operators and uncertainties — Technical Corrigendum 1},
author = {ISO/TS 17450-2:2002/Cor 1:2004},
url = {https://www.iso.org/standard/40760.html},
language = {en},
institution = {International Organization for Standardization},
year = {2004}
}    
@techreport{ISO/TS_17863:2013,
address = {Geneva, CH},
type = {Standard},
title = {Geometrical product specification (GPS) — Tolerancing of moveable assemblies},
author = {ISO/TS 17863:2013},
url = {https://www.iso.org/standard/60838.html},
language = {en},
institution = {International Organization for Standardization},
year = {2013}
}    
@techreport{ISO/TS_17865:2016,
address = {Geneva, CH},
type = {Standard},
title = {Geometrical product specifications (GPS) — Guidelines for the evaluation of coordinate measuring machine (CMM) test uncertainty for CMMs using single and multiple stylus contacting probing systems},
author = {ISO/TS 17865:2016},
url = {https://www.iso.org/standard/60839.html},
language = {en},
institution = {International Organization for Standardization},
year = {2016}
}    
@techreport{ISO_18391:2016,
address = {Geneva, CH},
type = {Standard},
title = {Geometrical product specifications (GPS) — Population specification},
author = {ISO 18391:2016},
url = {https://www.iso.org/standard/62361.html},
language = {en},
institution = {International Organization for Standardization},
year = {2016}
}    
@techreport{ISO_20170:2019,
address = {Geneva, CH},
type = {Standard},
title = {Geometrical product specifications (GPS) — Decomposition of geometrical characteristics for manufacturing control},
author = {ISO 20170:2019},
url = {https://www.iso.org/standard/67205.html},
language = {en},
institution = {International Organization for Standardization},
year = {2019}
}    
@techreport{ISO/FDIS_21204,
address = {Geneva, CH},
type = {Standard},
title = {Geometrical product specifications (GPS) — Specification of defined transitions between features},
author = {ISO/FDIS 21204},
url = {https://www.iso.org/standard/70084.html},
language = {en},
institution = {International Organization for Standardization},
year = {n.a.}
}    
@techreport{ISO/TS_21619:2018,
address = {Geneva, CH},
type = {Standard},
title = {Geometrical product specifications (GPS) — Types of documents with GPS},
author = {ISO/TS 21619:2018},
url = {https://www.iso.org/standard/71250.html},
language = {en},
institution = {International Organization for Standardization},
year = {2018}
}    
@techreport{ISO/CD_21920-1,
address = {Geneva, CH},
type = {Standard},
title = {Geometrical product specifications (GPS) — Surface texture: Profile — Part 1: Indication of surface texture},
author = {ISO/CD 21920-1},
url = {https://www.iso.org/standard/72196.html},
language = {en},
institution = {International Organization for Standardization},
year = {n.a.}
}    
@techreport{ISO/CD_21920-2,
address = {Geneva, CH},
type = {Standard},
title = {Geometrical product specifications (GPS) — Surface texture: Profile — Part 2: Terms, definitions and surface texture parameters},
author = {ISO/CD 21920-2},
url = {https://www.iso.org/standard/72226.html},
language = {en},
institution = {International Organization for Standardization},
year = {n.a.}
}    
@techreport{ISO/CD_21920-3,
address = {Geneva, CH},
type = {Standard},
title = {Geometrical product specifications (GPS) — Surface texture: Profile — Part 3: Specification operators},
author = {ISO/CD 21920-3},
url = {https://www.iso.org/standard/72228.html},
language = {en},
institution = {International Organization for Standardization},
year = {n.a.}
}    
@techreport{ISO/DIS_22081,
address = {Geneva, CH},
type = {Standard},
title = {Geometrical product specifications (GPS) — Geometrical tolerancing —  General geometrical and dimensional specifications},
author = {ISO/DIS 22081},
url = {https://www.iso.org/standard/72514.html},
language = {en},
institution = {International Organization for Standardization},
year = {n.a.}
}    
@techreport{ISO_22432:2011,
address = {Geneva, CH},
type = {Standard},
title = {Geometrical product specifications (GPS) — Features utilized in specification and verification},
author = {ISO 22432:2011},
url = {https://www.iso.org/standard/44709.html},
language = {en},
institution = {International Organization for Standardization},
year = {2011}
}    
@techreport{ISO/TS_23165:2006,
address = {Geneva, CH},
type = {Standard},
title = {Geometrical product specifications (GPS) — Guidelines for the evaluation of coordinate measuring machine (CMM) test uncertainty},
author = {ISO/TS 23165:2006},
url = {https://www.iso.org/standard/24236.html},
language = {en},
institution = {International Organization for Standardization},
year = {2006}
}    
@techreport{ISO/DTR_23276,
address = {Geneva, CH},
type = {Standard},
title = {Program flowchart for feature parameters},
author = {ISO/DTR 23276},
url = {https://www.iso.org/standard/75119.html},
language = {en},
institution = {International Organization for Standardization},
year = {n.a.}
}    
@techreport{ISO/TR_23605:2009,
address = {Geneva, CH},
type = {Standard},
title = {Technical product specification (TPS) — Application guidance — International model for national implementation},
author = {ISO/TR 23605:2009},
url = {https://www.iso.org/standard/41705.html},
language = {en},
institution = {International Organization for Standardization},
year = {2009}
}    
@techreport{ISO/TR_23605:2018,
address = {Geneva, CH},
type = {Standard},
title = {Technical product specification (TPS) — Application guidance — International model for national implementation},
author = {ISO/TR 23605:2018},
url = {https://www.iso.org/standard/70142.html},
language = {en},
institution = {International Organization for Standardization},
year = {2018}
}    
@techreport{ISO/NP_TR_23850,
address = {Geneva, CH},
type = {Standard},
title = {Geometrical Product Specification (GPS) — Association — Mathematical concepts},
author = {ISO/NP TR 23850},
url = {https://www.iso.org/standard/77152.html},
language = {en},
institution = {International Organization for Standardization},
year = {n.a.}
}    
@techreport{ISO_25178-1:2016,
address = {Geneva, CH},
type = {Standard},
title = {Geometrical product specifications (GPS) — Surface texture: Areal — Part 1: Indication of surface texture},
author = {ISO 25178-1:2016},
url = {https://www.iso.org/standard/46065.html},
language = {en},
institution = {International Organization for Standardization},
year = {2016}
}    
@techreport{ISO_25178-2:2012,
address = {Geneva, CH},
type = {Standard},
title = {Geometrical product specifications (GPS) — Surface texture: Areal — Part 2: Terms, definitions and surface texture parameters},
author = {ISO 25178-2:2012},
url = {https://www.iso.org/standard/42785.html},
language = {en},
institution = {International Organization for Standardization},
year = {2012}
}    
@techreport{ISO_25178-3:2012,
address = {Geneva, CH},
type = {Standard},
title = {Geometrical product specifications (GPS) — Surface texture: Areal — Part 3: Specification operators},
author = {ISO 25178-3:2012},
url = {https://www.iso.org/standard/42895.html},
language = {en},
institution = {International Organization for Standardization},
year = {2012}
}    
@techreport{ISO_25178-600:2019,
address = {Geneva, CH},
type = {Standard},
title = {Geometrical product specifications (GPS) — Surface texture: Areal — Part 600: Metrological characteristics for areal topography measuring methods},
author = {ISO 25178-600:2019},
url = {https://www.iso.org/standard/67651.html},
language = {en},
institution = {International Organization for Standardization},
year = {2019}
}    
@techreport{ISO_25178-601:2010,
address = {Geneva, CH},
type = {Standard},
title = {Geometrical product specifications (GPS) — Surface texture: Areal — Part 601: Nominal characteristics of contact (stylus) instruments},
author = {ISO 25178-601:2010},
url = {https://www.iso.org/standard/42786.html},
language = {en},
institution = {International Organization for Standardization},
year = {2010}
}    
@techreport{ISO_25178-602:2010,
address = {Geneva, CH},
type = {Standard},
title = {Geometrical product specifications (GPS) — Surface texture: Areal — Part 602: Nominal characteristics of non-contact (confocal chromatic probe) instruments},
author = {ISO 25178-602:2010},
url = {https://www.iso.org/standard/43920.html},
language = {en},
institution = {International Organization for Standardization},
year = {2010}
}    
@techreport{ISO_25178-603:2013,
address = {Geneva, CH},
type = {Standard},
title = {Geometrical product specifications (GPS) — Surface texture: Areal — Part 603: Nominal characteristics of non-contact (phase-shifting interferometric microscopy) instruments},
author = {ISO 25178-603:2013},
url = {https://www.iso.org/standard/61236.html},
language = {en},
institution = {International Organization for Standardization},
year = {2013}
}    
@techreport{ISO_25178-604:2013,
address = {Geneva, CH},
type = {Standard},
title = {Geometrical product specifications (GPS) — Surface texture: Areal — Part 604: Nominal characteristics of non-contact (coherence scanning interferometry) instruments},
author = {ISO 25178-604:2013},
url = {https://www.iso.org/standard/51381.html},
language = {en},
institution = {International Organization for Standardization},
year = {2013}
}    
@techreport{ISO_25178-605:2014,
address = {Geneva, CH},
type = {Standard},
title = {Geometrical product specifications (GPS) — Surface texture: Areal — Part 605: Nominal characteristics of non-contact (point autofocus probe) instruments},
author = {ISO 25178-605:2014},
url = {https://www.iso.org/standard/53975.html},
language = {en},
institution = {International Organization for Standardization},
year = {2014}
}    
@techreport{ISO_25178-606:2015,
address = {Geneva, CH},
type = {Standard},
title = {Geometrical product specification (GPS) — Surface texture: Areal — Part 606: Nominal characteristics of non-contact (focus variation) instruments},
author = {ISO 25178-606:2015},
url = {https://www.iso.org/standard/59716.html},
language = {en},
institution = {International Organization for Standardization},
year = {2015}
}    
@techreport{ISO_25178-607:2019,
address = {Geneva, CH},
type = {Standard},
title = {Geometrical product specifications (GPS) — Surface texture: Areal — Part 607: Nominal characteristics of non-contact (confocal microscopy) instruments},
author = {ISO 25178-607:2019},
url = {https://www.iso.org/standard/67652.html},
language = {en},
institution = {International Organization for Standardization},
year = {2019}
}    
@techreport{ISO_25178-6:2010,
address = {Geneva, CH},
type = {Standard},
title = {Geometrical product specifications (GPS) — Surface texture: Areal — Part 6: Classification of methods for measuring surface texture},
author = {ISO 25178-6:2010},
url = {https://www.iso.org/standard/42896.html},
language = {en},
institution = {International Organization for Standardization},
year = {2010}
}    
@techreport{ISO_25178-701:2010,
address = {Geneva, CH},
type = {Standard},
title = {Geometrical product specifications (GPS) — Surface texture: Areal — Part 701: Calibration and measurement standards for contact (stylus) instruments},
author = {ISO 25178-701:2010},
url = {https://www.iso.org/standard/44474.html},
language = {en},
institution = {International Organization for Standardization},
year = {2010}
}    
@techreport{ISO_25178-70:2014,
address = {Geneva, CH},
type = {Standard},
title = {Geometrical product specification (GPS) — Surface texture: Areal — Part 70: Material measures},
author = {ISO 25178-70:2014},
url = {https://www.iso.org/standard/57688.html},
language = {en},
institution = {International Organization for Standardization},
year = {2014}
}    
@techreport{ISO_25178-71:2012,
address = {Geneva, CH},
type = {Standard},
title = {Geometrical product specifications (GPS) — Surface texture: Areal — Part 71: Software measurement standards},
author = {ISO 25178-71:2012},
url = {https://www.iso.org/standard/56784.html},
language = {en},
institution = {International Organization for Standardization},
year = {2012}
}    
@techreport{ISO_25178-71:2017,
address = {Geneva, CH},
type = {Standard},
title = {Geometrical product specifications (GPS) — Surface texture: Areal — Part 71: Software measurement standards},
author = {ISO 25178-71:2017},
url = {https://www.iso.org/standard/65558.html},
language = {en},
institution = {International Organization for Standardization},
year = {2017}
}    
@techreport{ISO_25178-72:2017,
address = {Geneva, CH},
type = {Standard},
title = {Geometrical product specifications (GPS) — Surface texture: Areal — Part 72: XML file format x3p},
author = {ISO 25178-72:2017},
url = {https://www.iso.org/standard/62310.html},
language = {en},
institution = {International Organization for Standardization},
year = {2017}
}    
@techreport{ISO_25178-72:2017/DAmd_1,
address = {Geneva, CH},
type = {Standard},
title = {Geometrical product specifications (GPS) — Surface texture: Areal — Part 72: XML file format x3p — Amendment 1},
author = {ISO 25178-72:2017/DAmd 1},
url = {https://www.iso.org/standard/78432.html},
language = {en},
institution = {International Organization for Standardization},
year = {n.a.}
}    
@techreport{ISO_25178-73:2019,
address = {Geneva, CH},
type = {Standard},
title = {Geometrical product specifications (GPS) — Surface texture: Areal — Part 73: Terms and definitions for surface defects on material measures},
author = {ISO 25178-73:2019},
url = {https://www.iso.org/standard/67653.html},
language = {en},
institution = {International Organization for Standardization},
year = {2019}
}    
@techreport{ISO/CD_25178-700,
address = {Geneva, CH},
type = {Standard},
title = {Geometrical product specifications (GPS) — Surface texture: Areal — Part 700: Calibration, adjustment and verification of areal topography measuring instruments},
author = {ISO/CD 25178-700},
url = {https://www.iso.org/standard/78204.html},
language = {en},
institution = {International Organization for Standardization},
year = {n.a.}
}    
@techreport{ISO/CD_25178-72,
address = {Geneva, CH},
type = {Standard},
title = {Geometrical product specifications (GPS) — Surface texture: Areal — Part 72: XML file format x3p},
author = {ISO/CD 25178-72},
url = {https://www.iso.org/standard/77156.html},
language = {en},
institution = {International Organization for Standardization},
year = {n.a.}
}    
@techreport{ISO/DIS_25178-2,
address = {Geneva, CH},
type = {Standard},
title = {Geometrical product specifications (GPS) — Surface texture: Areal — Part 2: Terms, definitions and surface texture parameters},
author = {ISO/DIS 25178-2},
url = {https://www.iso.org/standard/74591.html},
language = {en},
institution = {International Organization for Standardization},
year = {n.a.}
}    
@techreport{ISO_25378:2011,
address = {Geneva, CH},
type = {Standard},
title = {Geometrical product specifications (GPS) — Characteristics and conditions — Definitions},
author = {ISO 25378:2011},
url = {https://www.iso.org/standard/42897.html},
language = {en},
institution = {International Organization for Standardization},
year = {2011}
}